../../doc/medusa_biblio.bib