@string{wiley = "John Wiley \& Sons, Inc."}
@string{IJCNC = "International Journal of Computer Networks and Communications"}
@String{ieee   = "IEEE"}

@String{ieee-jsac = "IEEE Journal on Selected Areas in Communications"}

@String{bell   = "Bell System Tech. Journal"}

@String{jdiffeq = "Journal of Differential Equations"}

@String{IEICE-fund = "IEICE Transaction on Fundamentals"}

@String{IEICE-tcom = "IEICE Transaction on Communications"}

@String{siam   = "SIAM Journ. of Math. Anal."}

@String{siam-sc = "SIAM Journ. of Scientific Computing"}

@String{T-ASSP = "IEEE Transactions on Acoustics, Speech and Signal
                 Processing"}

@String{T-SP   = "IEEE Transactions on Signal Processing"}

@String{T-IP   = "IEEE Transactions on Image Processing"}

@String{T-COM  = "IEEE Transactions on Communications"}

@String{T-COMPUTERS  = "IEEE Transactions on Computers"}

@String{T-COMP = "IEEE Transactions on Computing"}

@String{T-CONS = "IEEE Transactions on Consumer Electronics"}

@String{T-AU   = "IEEE Transactions on Audio Electroacoustic"}

@String{T-CASTV = "IEEE Transactions on Circuits and Systems for Video
                 Technology"}

@String{T-CASVT = "IEEE Transactions on Circuits and Systems for Video
                 Technology"}

@String{T-CAS  = "IEEE Transactions on Circuits and Systems"}

@String{T-CASII = "IEEE Transactions on Circuits and Systems II: Analog
                 and Digital Signal Processing"}

@String{T-CASI = "IEEE Transactions on Circuits and Systems I:
                 Fundamental Theory and Aplications"}

@String{T-IT   = "IEEE Transactions on Information Theory"}

@String{T-VT   = "IEEE Transactions on Video Technologies"}

@String{T-PAMI = "IEEE Transactions on Pattern Analysis Mach. Intell."}

@String{T-COMTEC = "IEEE Transactions on Communication Techonlogies"}

@String{P-IEEE = "Proc. of the IEEE"}

@String{P-ICIP = "Proc. IEEE Int. Symp. on Cir. and Syst."}

@String{P-DCC  = "Proc. Data Compression Conference"}

@String{icassp = "Proc. IEEE Int. Conf. Acoust., Speech, and Signal
                 Proc."}

@String{iscas  = "Proc. IEEE Int. Symp. Circ. and Syst."}

@String{josa-a = "Journal of the Optical Society of America-A"}

@String{SPmag  = "Signal Processing magazine"}

@String{COMmag = "IEEE Communications Magazine"}

@String{IBM-research = "IBM Journal of Research and Development"}

@String{el-letters = "Electronic Letters"}

@String{MD-dsp = "Multidimensional Digital Signal Processing"}

@String{MD-sys-sp = "Multidimensional Systems and Signal Proccesing"}

@String{bulletin-AMS = "Bull. Amer. Math. Soc."}

@String{adv-applied-math = "Adv. in Applied Math"}

@String{harmonic-analysis = "Applied and Computational Harmonic
                 Analysis"}

@String{fourier = "Journal of Fourier Analysis and Applications"}

@String{EU-trans = "European Transaction on Telecommunications"}

@String{JCTA   = "International Journal on Circuit Theory and
                 Applications"}

@String{phys-rev = "Phys. Rev. Lett."}

@String{ICIP   = "Proc. IEEE Int. Conf. Image Processing"}

@String{ICIP2000 = ICIP # " (ICIP 2000)"}

@String{ICIP2001 = ICIP # " (ICIP 2001)"}

@String{ICIP2002 = ICIP # " (ICIP 2002)"}

@string{ebu = "EBU Technical Review"}

@Article{communic_maga04,
  author       = "J. G. Apostolopoulos and M. D. Trott",
  title        = "Path Diversity for enhanced Media Streaming",
  journal      = COMmag,
  year         = "2004",
  volume       = "42",
  number       = "8",
  pages        = "80--87",
  month        = aug,
}

@Article{Malvar:96,
  author       = "H. S. Malvar",
  title        = "Extended Cosine Bases and Application to Audio
                 Coding",
  journal      = "Comp. Appl. Math.",
  year         = "1996",
  volume       = "15",
  number       = "2",
  pages        = "111--123",
}

@Article{Riskin:00,
  author       = "A. E. Mohr and E. A. Riskin and R. E. Ladner",
  title        = "Unequal loss protection: Graceful degradation of image
                 quality over packet erasure channel through forward
                 error correction",
  journal      = ieee-jsac,
  year         = "2000",
  volume       = "18",
  number       = "6",
  month        = jun,
  pages        = "819--828",
}

@Article{[4],
  author       = "V. A. Vaishampayan",
  title        = "Design of multiple description scalar quantizer",
  journal      = T-IT,
  year         = "1993",
  volume       = "39",
  month        = may,
  pages        = "821--834",
}

@Article{[3],
  author       = "Y. Wang and M. Orchard and V. Vaishampayan and A.
                 Reibman",
  title        = "{Multiple description coding using pairwise
                 correlating transforms}",
  journal      = T-IP,
  year         = "2001",
  month        = mar,
  volume       = "10",
  pages        = "351--366",
}

@InProceedings{[1],
  author       = "S. Shirani and M. Gallant and F. Kossentini",
  title        = "Multiple Description Image Coding Using Pre- and
                 Post-Processing",
  booktitle    = "Proc. International TCC",
  month        = apr,
  address      = "Las Vegas, Nevada, USA",
  year         = "2000",
}

@Article{dragotti02:_optim_multip_descr_codin,
  author       = "P. L. Dragotti and S. D. Servetto and M. Vetterli",
  title        = "{Optimal Filter Banks for Multiple Description Coding:
                 Analysis and Synthesis}",
  journal      = T-IT,
  year         = "2002",
  month        = jul,
  volume       = "48",
  pages        = "2036--2052",
}

@Article{[13],
  author       = "X. Tang and A. Zakhor",
  title        = "{Matching Pursuits Multiple Description Coding for
                 Wireless Video}",
  journal      = T-CASTV,
  year         = "2002",
  month        = jun,
  volume       = "12",
  pages        = "566--575",
}

%Era [23]
@InProceedings{gallant:standard,
  author       = "M. Gallant and S. Shirani and F. Kossentini",
  title        = "Standard-Compliant Multiple Description Video Coding",
  booktitle    = ICIP2001,
  year         = "2001",
}

@InProceedings{aposto,
  author       = "G. Apostolopoulos and Tina Wong Tan and Susie
                 J. Wee",
  title        = "On multiple description streaming with content
                 delivery networks",
  booktitle    = ICIP2001,
  year         = "2001",
}

@InProceedings{[36],
  author       = "O. Lotfallah and S. Panchanathan",
  title        = "Adaptive Multiple Description Coding For Internet
                 Video",
  booktitle    = icassp,
  year         = "2003",
}

@Book{Opp/Sha,
  author       = "Alan V. Oppenheim and Ronald W. Schafer",
  title        = "Discrete-time Signal Processing",
  publisher    = "Prentice Hall",
  year         = "1989",
  address      = "New Jersey",
}

@Book{Newman,
  author       = "M. Newman",
  title        = "Integral Matrices",
  publisher    = "Academic Press",
  year         = "1972",
}

@Book{Jacobson1,
  author       = "N. Jacobson",
  title        = "Basic Algebra {I}",
  publisher    = "W.H. Freeman",
  address      = "New York, NY",
  year         = "1985",
}

@Book{Jacobson2,
  author       = "N. Jacobson",
  title        = "Basic Algebra {II}",
  publisher    = "W.H. Freeman",
  address      = "New York, NY",
  year         = "Anno?",
}

@Book{Bla2,
  author       = "R. E. Blahut",
  title        = "Fast algorithms for digital signal processing",
  publisher    = "Addison Wesley",
  year         = "1985",
}

@Book{Bla1,
  author       = "R. E. Blahut",
  title        = "Theory and practice of error coding",
  publisher    = "Addison Wesley",
  year         = "1984",
}

@Book{Kuc,
  author       = "V. Kucera",
  title        = "Discrete Linear Control: The polynomial equation
                 approach",
  publisher    = wiley,
  address      = "New York",
  year         = "1979",
}

@Book{Rad/McCle,
  author       = "J. H. McClellan and C. M. Rader",
  title        = "Number Theory in Digital Signal Processing",
  publisher    = "Prentice Hall",
  year         = "1979",
}

@Book{Mer,
  author       = "D. E. Dudgeon and R. M. Mersereau",
  title        = MD-sys-sp,
  publisher    = "Prentice--Hall",
  year         = "1984",
  address      = "Englewood Cliffs, NJ",
}

@Article{Analog,
  author       = "{"}{"}",
  title        = "{"}{"}",
  journal      = "{DSPatch--The Digital Processing Application
                 Newsletter}",
  year         = "1990",
  volume       = "Analog Devices, 16",
  month        = "Summer",
  pages        = "14--15",
}

@Book{NGeometry,
  author       = "J. W. S. Cassels",
  title        = "An Introduction to the Geometry of Numbers",
  publisher    = "Springer",
  year         = "1959",
  address      = "Berlin",
}

@Book{NGeometry2,
  author       = "C. G. Lekkerkerker",
  title        = "Geometry of Numbers",
  publisher    = "Wolsters--Noordhoff",
  year         = "1969",
  address      = "Groningen",
}

@Book{NTheory,
  author       = "H. Cohn",
  title        = "Advanced Number Theory",
  publisher    = "Dover",
  year         = "1980",
  address      = "New York",
}

@Book{Burrus:Parks,
  author       = "C. S. Burrus and T. Parks",
  title        = "{DFT/FFT} and Convolution Algorithms",
  publisher    = "John Wiley",
  year         = "1985",
  address      = "New York",
}

@Article{storiaFFT,
  author       = "J. W. Cooley and P. A. Lewis and P. D. Welch",
  title        = "Historical notes on the {Fast Fourier Transform}",
  journal      = T-AU,
  year         = "1967",
  volume       = "AU-15",
  pages        = "76--79",
}

@Article{Vet:tutorial,
  author       = "M. Vetterli and P. Duhamel",
  title        = "{Fast Fourier Transforms: a Tutorial Review and a
                 State of Art}",
  journal      = SPmag,
  year         = "1990",
  month        = apr,
  volume       = "19",
  pages        = "259--299",
}

@Article{Aga,
  author       = "R. C. Agarwal and J. W. Cooley",
  title        = "{Fourier Transform and Convolution Subroutines for the
                 IBM 3090 Vector Facility}",
  journal      = IBM-research,
  year         = "1986",
  month        = mar,
  volume       = "30",
  pages        = "145--162",
}

@Article{ManduDCL,
  author       = "R. Manduchi and G. M. Cortelazzo and G. A. Mian",
  title        = "Multistage Sampling Structure Conversion of Video
                 Signals",
  journal      = T-CASTV,
  year         = "1993",
  volume       = "3",
  number       = "5",
  pages        = "325--340",
  month        = Oct,
}

@InProceedings{Gent,
  author       = "W. M. Gentleman and G. Sande",
  title        = "{Fast Fourier Transforms for fun and profit}",
  booktitle    = "1966 Fall Joint Computer Conf.",
  year         = "1966",
  volume       = "29",
  pages        = "563--578",
  address      = "Washington",
}

@Article{Split,
  author       = "P. Duhamel and H. Hollman",
  title        = "Split--radix {FFT} algorithm",
  journal      = el-letters,
  volume       = "20",
  year         = "1984",
  pages        = "14--16",
}

@Article{Connection,
  author       = "P. Duhamel",
  title        = "Algorithms Meeting the Lower Bounds on the
                 Multiplicative Complexity of Length--$2^n$ {DFT's} and
                 Their Connection with Practical Algorithms",
  journal      = T-ASSP,
  volume       = "38",
  year         = "1990",
  pages        = "1504--1511",
}

@Article{Mor,
  author       = "L. R. Morris",
  title        = "Automatic generation of Time Efficient Digital Signal
                 Processing Software",
  journal      = T-ASSP,
  year         = "1977",
  month        = Feb,
  volume       = "ASSP-25",
  pages        = "74--79",
}

@Article{Good,
  author       = "I. J. Good",
  title        = "{The relationship between two fast Fourier
                 transforms}",
  journal      = T-COMP,
  year         = "1971",
  month        = Mar,
  volume       = "C-20",
  pages        = "310--317",
}

@Article{Sin:sequential,
  author       = "R. C. Singleton",
  title        = "A method for Computing the {Fast Fourier Transform}
                 with auxiliary memory and limited High-Speed storage",
  journal      = T-AU,
  year         = "1967",
  month        = Jun,
  volume       = "17",
  pages        = "91--97",
}

@Article{Mar:cyclotomic,
  author       = "Jean Bernard Martens",
  title        = "Recursive Cyclotomic Factorization--{A} New Algorithm
                 for calculating the {Discrete Fourier Transform}",
  journal      = T-ASSP,
  year         = "1984",
  month        = Aug,
  volume       = "ASSP-32",
  pages        = "750--761",
}

@Article{Mer/Spe:MDCT,
  author       = "R. M. Mersereau and T. C. Speake",
  title        = "A unified treatment of {Cooley--Tukey} algorithms for
                 the evaluation of the multidimensional {DFT}",
  journal      = T-ASSP,
  year         = "1981",
  month        = Oct,
  volume       = "ASSP-29",
  pages        = "1011--1017",
}

@Article{Mer/Gue:MDPF,
  author       = "A. Guessoum and R. M. Mersereau",
  title        = "Fast algorithms for multidimensional {Discrete Fourier
                 Transform}",
  journal      = T-ASSP,
  year         = "1986",
  month        = Aug,
  volume       = "ASSP-34",
  pages        = "937--943",
}

@InProceedings{Gue1,
  author       = "A. Guessoum and R. M. Mersereau",
  title        = "{Solution for the indexing problem of Multidimensional
                 DFT's on Arbitrary Sampling Lattices}",
  booktitle    = "Proc. ICASSP",
  year         = "1985",
  organization = "IEEE",
  pages        = "1535--1537",
}

@Article{Rin:spettri,
  author       = "G. M. Cortelazzo and G. A. Mian and R. Rinaldo",
  title        = "Spectral estimation of video signals",
  journal      = MD-sys-sp,
  year         = "1992",
  month        = Mar,
  pages        = "131--160",
  volume       = "2",
}

@Article{Dub,
  author       = "E. Dubois",
  title        = "The Sampling and Reconstruction of Time-Varying
                 Imagery",
  journal      = P-IEEE,
  year         = "1985",
  month        = Apr,
  volume       = "73",
  pages        = "502--522",
}

@Article{Mou,
  author       = "M. Zhi-Jian and P. Duhamel",
  title        = "In--place butterfly--style {FFT} of {2D} sequences",
  journal      = T-ASSP,
  year         = "1988",
  month        = Oct,
  volume       = "ASSP-36",
  pages        = "1642--1650",
}

@Article{Bru:FFT,
  author       = "G. Bruun",
  title        = "{Z}--transform, {DFT} filters and {FFTs}",
  journal      = T-ASSP,
  year         = "1978",
  month        = feb,
  volume       = "26",
  pages        = "56--63",
}

@Article{Petersen,
  author       = "D. Petersen",
  title        = "{Discrete Fast Fourier transformation on
                 N--dimensional lattices}",
  journal      = P-IEEE,
  volume       = "58",
  year         = "1972",
  pages        = "1286--1288",
  month        = aug,
}

@Article{Alliney,
  author       = "S. Alliney and C. Morandi",
  title        = "Digital image registration using projections",
  journal      = T-PAMI,
  volume       = "8",
  year         = "1986",
  pages        = "222--233",
  month        = Mar,
}

@Misc{Reventlow:PhCorr,
  author       = "C. V. Reventlow and K. Muller and C. Stoppers and J.
                 Reimers",
  title        = "Phasecorrelation chipset for {TV/HDTV} real time
                 motion estimation",
  journal      = "{Int. Workshop on HDTV}",
  year         = "1992",
  pages        = "222--233",
  month        = Nov,
}

@Misc{BBC,
  author       = "G. A. Thomas and B. A. Hons",
  title        = "Television motion measurements for {DATV} and other
                 applications",
  howpublished = "BBC Technical Reports 1987/11",
}

@InProceedings{Kuglin,
  author       = "J. J. Pearson and D. C. Hines and S. Golosman and D.
                 C. Kuglin",
  title        = "{Video rate image correlation Processor}",
  booktitle    = "Proc. SPIE (IOCC 1977)",
  year         = "1977",
  pages        = "197--204",
  organization = "SPIE",
}

@InProceedings{HwSeq,
  author       = "J. F. McDonald C. S. Joshi and R. H. Steinvorth",
  title        = "A video rate two dimensional {FFT} processor",
  booktitle    = "ICASSP",
  year         = "1980",
  organization = "IEEE",
  pages        = "774--777",
}

@Submittedfor{Cor/Man,
  author       = "G. Cortelazzo and R. Manduchi",
  title        = "Spectral characteristics and motion deblurring of
                 composite frames",
  journal      = "",
}

@Article{Vulis,
  author       = "Dwen--Ren Tsai and Michael Vulis",
  title        = "Computing Discrete {Fourier} Transform on a
                 rectangular data array",
  journal      = T-ASSP,
  year         = "1990",
  month        = Feb,
  volume       = "ASSP-38",
  pages        = "271--276",
}

@Submitted{Verri,
  author       = "G. M. Cortelazzo and G. A. Mian and S. Verri",
  title        = "Multistage {SDTV/HDTV} scanning rate converters",
  journal      = "",
}

@Article{Anderson,
  author       = "G. L. Anderson",
  title        = "A stepwise approach to computing the multidimensional
                 fast {Fourier} transform of large arrays",
  journal      = T-ASSP,
  volume       = "28",
  year         = "1980",
  pages        = "280--284",
  month        = jun,
}

@Article{Winograd,
  author       = "E. Feig L. Auslander and S. Winograd",
  title        = "New algorithms for the multidimensional {Fourier}
                 transform",
  journal      = T-ASSP,
  volume       = "31",
  year         = "1983",
  pages        = "388--403",
  month        = apr,
}

@Article{Winograd2,
  author       = "E. Feig L. Auslander and S. Winograd",
  title        = "Abelian semisimple algebras and algorithms for the
                 discrete {Fourier} transform",
  journal      = adv-applied-math,
  year         = "1984",
  volume       = "5",
  pages        = "31--55",
}

@Article{Nuss/Quan,
  author       = "H. J. Nusssbaumer and P. Quandalle",
  title        = "Fast computation of discrete {Fourier} transform",
  journal      = T-ASSP,
  volume       = "27",
  year         = "1979",
  pages        = "169--181",
  month        = apr,
}

@Article{Aus/Toli,
  author       = "D. Auslander and R. Tolimieri",
  title        = "Is the computation of the finite {Fourier} transform
                 pure or apllied mathematics?",
  journal      = bulletin-AMS,
  volume       = "1",
  year         = "1979",
  pages        = "847--897",
}

@Book{Nuss,
  author       = "H. J. Nussbaumer",
  title        = "{Fast Fourier Transform and Convolution Algorithms}",
  publisher    = "Springer--Verlag",
  year         = "1981",
}

@Article{Vett,
  author       = "Jelena Kovacevic and Martin Vetterli",
  title        = "Nonseparable Multidimensional Perfect reconstruction
                 filter banks and wavelet bases for {$R^n$}",
  journal      = T-IT,
  year         = "1992",
  volume       = "38",
  number       = "2",
  pages        = "",
  month        = mar,
}

@Article{VSR,
  author       = "S. C. Chan and K. L Ho",
  title        = "{Split Vector--Radix Fourier Transform}",
  journal      = T-ASSP,
  year         = "1992",
  volume       = "40",
  number       = "8",
  pages        = "{2029--2039}",
  month        = aug,
}

@Article{VSR2D,
  author       = "S. C. Pei and J. L. Wu",
  title        = "{Split--vector Radix 2D Fast Fourier Transform}",
  journal      = T-CAS,
  year         = "1987",
  volume       = "34",
  pages        = "978--980",
  month        = aug,
}

@Article{ntt,
  author       = "R. C. Agarwal and C. S. Burrus",
  title        = "{Fast Convolution Using Fermat Number Transforms with
                 Application to Digital Filtering}",
  journal      = T-ASSP,
  year         = "1974",
  volume       = "22",
  number       = "2",
  pages        = "87--97",
  month        = apr,
}

@Book{Blahut,
  author       = "Richard E. Blahut",
  title        = "Fast algorithms for digital signal processing",
  publisher    = "Addison--Wesley",
  year         = "1985",
  address      = "indirizzo",
  privato      = "Rb III 106 di bblio centrale ing. Pd.",
}

@Book{Vaidy,
  author       = "P. P. Vaidyanathan",
  title        = "Multirate systems and filter banks",
  publisher    = "Prentice-Hall",
  year         = "1993",
  address      = "Englewood Cliffs, N.J",
}

@Article{Sicuranza,
  author       = "G. L. Sicuranza",
  title        = "Quadratic filters for signal processing",
  journal      = P-IEEE,
  year         = "1992",
  volume       = "80",
  number       = "8",
  pages        = "{1262--1285}",
  month        = Aug,
}

@Article{Sicuranza2,
  author       = "B. G. Mertzios and G. L. Sicuranza and A. N.
                 Venetsanopulos",
  title        = "Efficient realizations of two--dimensional quadratic
                 digital filter",
  journal      = T-ASSP,
  year         = "1989",
  volume       = "37",
  pages        = "{765--768}",
  month        = May,
}

@Article{Nikias,
  author       = "H. H. Chang and C. L. Nikias and A. N.
                 Venetsanopulos",
  title        = "Efficient implementation of quadratic filters",
  journal      = T-ASSP,
  year         = "1986",
  volume       = "34",
  pages        = "{1511--1528}",
  month        = Dec,
}

@Article{SplitReal,
  author       = "P. Duhamel",
  title        = "Implementation of {``Split--Radix'' FFT} Algorithms
                 for complex, real, and real-symmetric data",
  journal      = T-ASSP,
  year         = "1986",
  volume       = "34",
  number       = "2",
  pages        = "{285--295}",
  month        = Apr,
}

@TechReport{biblioFFT,
  author       = "M. T. Heideman and C. S. Burrus",
  title        = "A Bibliography of Fast Transform and Convolution
                 Algorithms",
  institution  = "Department of Electrical Engineering",
  year         = "1984",
  number       = "8402",
  address      = "Rice University, Houston, TX",
}

@Article{Good2,
  author       = "I. J. Good",
  title        = "The interaction algorithm and practical {Fourier}
                 analyisis",
  journal      = "J Roy. Statist. Soc. Ser. B",
  year         = "1958",
  volume       = "B--20",
  pages        = "361--372",
}

@Article{Prime,
  author       = "C. S. Burrus and P. E. Eschenbacher",
  title        = "An in--place, in--order prime factor {FFT} algorithm",
  journal      = T-ASSP,
  year         = "1981",
  volume       = "ASSP-29",
  number       = "4",
  pages        = "806--817",
  month        = Aug,
}

@Book{Cover,
  author       = "T. M. Cover and J. A. Thomas",
  title        = "Information theory",
  publisher    = "Wiley",
  year         = "1991",
  address      = "New York",
}

@Book{Convex,
  author       = "R. T. Rockafellar",
  title        = "Convex Analysis",
  publisher    = "Princeton University Press",
  year         = "1969",
  address      = "Princenton, N.J.",
}

@Article{CT,
  author       = "J. W. Cooley and J. W. Tukey",
  title        = "An algorithm for the machine computation of the
                 complex {Fourier} series",
  journal      = "Mathematical Computation",
  year         = "1965",
  volume       = "19",
  pages        = "{297--301}",
}

@Article{Rivard,
  author       = "G. A. Rivard",
  title        = "Algorithm for direct Fast Fourier Transform of
                 bivariant functions",
  journal      = T-ASSP,
  year         = "1977",
  volume       = "25",
  number       = "3",
  pages        = "250--252",
  month        = jun,
}

@Article{SplitVR,
  author       = "S. C. Pei and J. L. Wu",
  title        = "Split--vector radix 2--{D} fast Fourier transform",
  journal      = T-CS,
  year         = "1987",
  volume       = "34",
  number       = "1",
  pages        = "978--980",
  month        = aug,
}

@Book{hilbert:geometria,
  author       = "P. S. Aleksandrov and D. Hilbert and S. Cohn--Vossen",
  title        = "Geometria intuitiva",
  publisher    = "Boringhieri",
  year         = "1972",
  address      = "Torino",
}

@Book{Serre:71,
  author       = "J. P. Serre",
  title        = "Linear representations of finite groups",
  publisher    = "Springer--Verlag",
  year         = "1977",
  address      = "New York",
}

@Book{tenwave,
  author       = "Ingrid Daubechies",
  title        = "Ten Lectures on Wavelets",
  publisher    = "SIAM",
  year         = "1992",
  address      = "Philadelphia",
}

@Book{GreobnerBasis,
  author       = "David Cox and John Little and Donald O'Shea",
  title        = "Ideals, Varieties, and Algorithms",
  publisher    = "Springer--Verlag",
  year         = "1992",
  address      = "New York",
}

@Article{Lemarie:86,
  author       = "P. Lemari\'e and Y. Meyer",
  title        = "Ondelettes et bases {Hilbertiennes}",
  journal      = "Rev. Mat. Iberoamericana",
  year         = "1986",
  volume       = "2",
  pages        = "1--18",
}

@Article{multitoni:95,
  author       = "Stuart D. Sandberg and Michael A. Tzannes",
  title        = "Overlapped Discrete Multitone Modulation for High
                 Speed Copper Wire Communications",
  journal      = ieee-jsac,
  year         = "1995",
  volume       = "13",
  number       = "9",
  pages        = "1571--1585",
  month        = dec,
}

@Article{biorto:96,
  author       = "Gregory Matviyenko",
  title        = "Optimized Local Trigonometric Bases",
  journal      = harmonic-analysis,
  year         = "1996",
  volume       = "3",
  number       = "4",
  pages        = "301--323",
  month        = oct,
}

@InProceedings{NIS91,
  author       = "K. Nayebi and {T.P. } Barnwell{ III} and {M.J.T. }
                 Smith",
  title        = "Design and Implementation of Computationally Efficient
                 Modulated Filter Banks",
  pages        = "650--653",
  booktitle    = iscas,
  year         = "1991",
  month        = jun,
}

@Article{PB86,
  author       = "J. Princen and A. Bradley",
  title        = "Analysis/Synthesis Filter Bank Design Based on Time
                 Domain Alias Cancellation",
  journal      = T-ASSP,
  year         = "1986",
  volume       = "34",
  number       = "5",
  pages        = "1153--1161",
  month        = oct,
}

@InProceedings{PRV93,
  author       = "M. Poize and M. Renudin and P. Venier",
  title        = "A General Time Domain Approach for the Design of
                 Perfect Reconstruction Modulated Filter Banks",
  volume       = "III",
  pages        = "221--224",
  booktitle    = icassp,
  year         = "1993",
  address      = "Minneapolis, USA",
  month        = apr,
}

@Article{Lagarias97:self-affine,
  author       = "Jeffery C. Lagarias and Yang Wang",
  title        = "Integral Self-Affine Tiles in $\protect\reali^n$ Part
                 {II}: Lattice Tilings",
  journal      = fourier,
  year         = "1997",
  volume       = "3",
  number       = "1",
  pages        = "83--101",
}

@Article{daub90I,
  author       = "I. Daubechies and J. Lagarias",
  title        = "Two-Scale Difference Equations: {I.} Existence and
                 Global Regularity of Solutions",
  journal      = siam,
  year         = "1991",
  volume       = "22",
  number       = "5",
  pages        = "1388--1410",
  month        = sep,
}

@Book{donoghue,
  author       = "Jr. William F. Donoghue",
  title        = "Distributions and Fourier Transforms",
  publisher    = "Academic Press",
  year         = "1969",
  address      = "New York",
}

@Article{Koh,
  author       = "T. Koh and E. J. Powers",
  title        = "Second-order {Volterra} Filtering and its Application
                 to Nonlinear System Identification",
  journal      = T-ASSP,
  year         = "1985",
  volume       = "ASSP-36",
  number       = "6",
  pages        = "1445--1455",
  month        = Dec,
}

@InProceedings{d.b.97:vrfft,
  author       = "D. B. Harris and J. H. McClellan and D. S. K. Chan and
                 H. W. Schuessler",
  title        = "{"}Vector-Radix Fast Fourier Transform{"}",
  booktitle    = "Proc. ICASSP 1997",
  pages        = "548--557",
  year         = "1997",
}

@InProceedings{shortest,
  author       = "James L. Massey",
  title        = "Guessing and Entropy",
  booktitle    = "Proc. 1994 IEEE International Symposium on Information
                 Theory",
  pages        = "204",
  year         = "1994",
}

@Book{Mackey,
  author       = "Andrzei Lasota and Michael C. Mackey",
  title        = "Chaos, Fractals and Noise",
  publisher    = "Springer-Verlag",
  year         = "1994",
  address      = "New York",
  locazione    = "statistica M.127-12",
}

@InProceedings{disco,
  author       = "Don Davis and Ross Ihaka and Philip Fenstermacher",
  title        = "Cryptographic randomness from air turbulence in disk
                 drives",
  booktitle    = "Proc. CRYPTO 94",
  pages        = "114--120",
  year         = "1994",
  editor       = "Yvo G. Desmedt",
  publisher    = "Springer",
}

@Book{thomas90:_introd_algor,
  author       = "Thomas H. Cormen and Charles E. Leiserson and Ronald
                 L. Rivest",
  title        = "Introduction to Algorithms",
  publisher    = "MIT press",
  year         = "1990",
  series       = "MIT Electrical Engineering and Computer Science
                 Serie",
  address      = "Cambridge, MA",
}

@PhdThesis{inf-measures,
  author       = "Christian Cachin",
  title        = "Entropy Measures and Unconditional Security in
                 Cryptography",
  school       = "ETH Zurich",
  type         = "{Ph.D.} Thesis",
  pages        = "ftp://ftp.inf.ethz.ch/pub/publications/dissertations/th12187.ps.gz",
  address      = "Institute of Theoretical Computer Science",
  month        = may,
  year         = "1997",
  language     = "english",
}

@Article{sic1,
  author       = "O. Agazzi and D. G. Messerschmitt and D. A. Hodges",
  title        = "Non linear echo cancellation of data signals",
  journal      = T-COM,
  year         = "1982",
  volume       = "30",
  pages        = "2421--2433",
  month        = Nov,
}

@Article{sic4,
  author       = "C. R. Baker",
  title        = "Optimum quadratic detection of a random vector in
                 Gaussian noise",
  journal      = T-COMTEC,
  year         = "1966",
  volume       = "14",
  pages        = "802--805",
  month        = Dec,
}

@Article{sic7,
  author       = "S. Benedetto and E. Biglieri",
  title        = "Non linear equalization of satellite channels",
  journal      = ieee-jsac,
  year         = "1983",
  volume       = "1",
  pages        = "57--62",
  month        = Jan,
}

@Article{sic10,
  author       = "E. Biglieri and A. Gersho and R. D. Gitlin and T. L.
                 Lim",
  title        = "Adaptative cancellation of nonlinear interymbol
                 interference for voiceband data transmission",
  journal      = ieee-jsac,
  year         = "1984",
  volume       = "2",
  pages        = "765--777",
  month        = sep,
}

@Article{sic24,
  author       = "D. D. Falconer",
  title        = "Adaptative equalization of channel nonlinearities in
                 {QAM} data transmission systems",
  journal      = bell,
  year         = "1978",
  volume       = "57",
  pages        = "2589--2611",
  month        = sep,
}

@InProceedings{sic19,
  author       = "M. J. Coker and D. N. Simkins",
  title        = "A nonlinear adaptive noise canceler",
  booktitle    = "Proc. IEEE ICASSP-80",
  year         = "1980",
  month        = Apr,
}

@InProceedings{sic20,
  author       = "C. F. N. Cowan adn P. F. Adams",
  title        = "Non-linear system modeling: concept and application",
  booktitle    = "Proc. IEEE ICASSP-84",
  year         = "1984",
  address      = "San Diego, CA",
  month        = Mar,
}

@Article{sic27,
  author       = "W. A. Gardner",
  title        = "Structurally constrained receivers for signal
                 detection and estimation",
  journal      = T-COM,
  year         = "1976",
  volume       = "24",
  pages        = "578--592",
  month        = Jun,
}

@Article{sic11,
  author       = "E. Biglieri and S. Barberis and M. Catena",
  title        = "Analysis and compensation of nonlinearities in digital
                 transmission systems",
  journal      = ieee-jsac,
  year         = "1988",
  volume       = "6",
  pages        = "42--51",
  month        = Jan,
}

@Article{sic62,
  author       = "S. Pupolin and L. J. Greenstein",
  title        = "Performance analysis of digital radio links with
                 nonlinear transmit amplifier",
  journal      = ieee-jsac,
  year         = "1985",
  volume       = "5",
  pages        = "534--546",
  month        = Apr,
}

@Article{sic56,
  author       = "B. Picinbono and P. Duvat",
  title        = "Optimal linear-quadratic system for detection and
                 estimation",
  journal      = T-IT,
  year         = "1988",
  volume       = "34",
  pages        = "304--311",
  month        = Mar,
}

@InProceedings{sic83,
  author       = "G. L. Sicuranza and A. Bucconi and P. Mitri",
  title        = "Adaptive echo cancellation with nonlinear digital
                 filters",
  booktitle    = "Proc. IEEE ICASSP-84",
  year         = "1984",
  address      = "San Diego, CA",
  month        = Mar,
}

@Article{sic92,
  author       = "J. C. Stapleton and S. C. Bass",
  title        = "Adaptive noise cancellation for a class of nonlinear,
                 dynamic reference channels",
  journal      = T-CAS,
  year         = "1985",
  volume       = "32",
  pages        = "143--150",
  month        = Feb,
}

@Article{p1,
  author       = "A. Sarti and S. Pupolin",
  title        = "Recursive techniques for the synthesis of a $p$-th
                 order inverse of a Volterra system",
  journal      = EU-trans,
  year         = "1992",
  volume       = "3",
  number       = "4",
  pages        = "315--322",
  month        = jul # "-" # aug,
}

@Article{p2,
  author       = "G. Lazzarin and S. Pupolin and A. Sarti",
  title        = "Adaptive data predistorsion for the compensation of
                 nonlinear channels with memory",
  journal      = T-COM,
  year         = "1994",
  volume       = "42",
  month        = Feb,
}

@InProceedings{p3,
  author       = "S. Pupolin and A. Sarti and H. Fu",
  title        = "Nonlinearity compensation in digital radio systems",
  booktitle    = "Proc. International Conference of Communication
                 Technology 1990",
  year         = "1990",
  month        = jun,
  address      = "Beijing, China",
}

@InProceedings{p4,
  author       = "S. Pupolin and A. Sarti and H. Fu",
  title        = "Performance analysis of digital radio links with
                 nonlinear transmit amplifier and data predistorter with
                 memory",
  booktitle    = "Proc. IEEE International Communication Conference
                 1989",
  year         = "1989",
  month        = jun,
  address      = "BOSTON, MA, USA",
}

@Article{p5,
  author       = "S. Pupolin and A. Sarti and H. Fu",
  title        = "Adaptive pre-equalization in nonlinear {M-QAM}
                 cahnnels",
  journal      = "Journal of Nanjing Institue of Posts and
                 Telecommunications",
  year         = "1990",
  volume       = "9",
  number       = "2",
}

@InProceedings{benedetto82:non,
  author       = "S. Benedetto and E. Biglieri",
  title        = "Non linear equalization of digital satellite
                 channels",
  booktitle    = "Proc. of Ninth AIAA Conference on Communication
                 Satellite systems",
  pages        = "7--11",
  year         = "1982",
  address      = "San Diego, CA",
  month        = Mar,
}

@Book{sic8,
  author       = "S. Benedetto and E. Biglieri and V. Castellani",
  title        = "Digital Transmission theory",
  publisher    = "Prentice Hall",
  year         = "1987",
  address      = "Englewood Cliffs, NJ",
}

@Article{bessel88:activ,
  author       = "Paul J. Bessel",
  title        = "Active optical range imaging sensor",
  journal      = "Machine vision and applications",
  year         = "1988",
  volume       = "1",
  pages        = "127--152",
}

@InBook{poussart89:_advan,
  author       = "D. Poussart and D. Laurendau",
  title        = "Advances in machine vision",
  chapter      = "3D sensing for industrial computer applications",
  publisher    = "Springer-Verlag",
  year         = "1989",
  address      = "New York",
}

@Article{sato85:_three,
  author       = "K. Sato and S. Inokuchi",
  title        = "Three-dimensional surface measurement by space
                 encoding range imaging",
  journal      = "J. of Robotic Systems",
  year         = "1985",
  volume       = "2",
  pages        = "27--39",
}

@Article{rioux84:_laser,
  author       = "M. Rioux",
  title        = "Laser range finder based on synchronized scanners",
  journal      = "Applied Optics",
  year         = "1984",
  pages        = "3837--3844",
}

@Article{rioux86:_compac,
  author       = "M. Rioux and F. Blais",
  title        = "Compact three-dimensional camera for robotic
                 applications",
  journal      = josa-a,
  year         = "1986",
  volume       = "3",
  number       = "9",
  pages        = "1518--1521",
  month        = sep,
}

@InProceedings{blais86:_biris,
  author       = "F. Blais and M. Rioux",
  title        = "{BIRIS}: a simple {3D} sensor",
  booktitle    = "Proc. SPIE",
  pages        = "235--42",
  year         = "1986",
  volume       = "728",
}

@InProceedings{blais88:_pract,
  author       = "F. Blais and M. Rioux and J. A. Beraldin",
  title        = "Practical considerations for a design of a high
                 precision {3D} scanner system",
  booktitle    = "Proc. SPIE",
  pages        = "225--46",
  year         = "1988",
  volume       = "959",
}

@Article{Pentium,
  author       = "{"}{"}",
  title        = "{Big Brother} inside",
  journal      = "PC Pro",
  year         = "199",
  key          = "Pentium",
  number       = "54",
  pages        = "49",
  month        = Apr,
}

@Book{kolmogorov57:_elemen,
  author       = "A. N. Kolmogorov and S. V. Fomin",
  title        = "Elements of the theory of functions and functional
                 analysis",
  publisher    = "Graylock Press",
  year         = "1957",
  address      = "Rochester, N.Y",
  locazione    = "SEM.MATEMATICO, MONOG.7.B.53 vol.1; MONOG.7.B.52
                 vol.2",
}

@Book{kato76:_pertur_theor,
  author       = "Tosio Kato",
  title        = "Perturbation Theory for Linear Operators",
  publisher    = "Springer-Verlag",
  year         = "1976",
  address      = "Berlin",
  annote       = "matematica 7.D.133",
}

@Article{parker87:_chaos,
  author       = "Thomas S. Parker and Leon O. Chua",
  title        = "Chaos: {A} Tutorial for Engineers",
  journal      = P-IEEE,
  year         = "1987",
  volume       = "75",
  number       = "8",
  pages        = "982--1007",
  month        = Aug,
}

@Article{fraser89:_infor_entrop,
  author       = "Andrew M. Fraser",
  title        = "Information and Entropy in Strange Attractors",
  journal      = T-IT,
  year         = "1989",
  volume       = "35",
  number       = "2",
  pages        = "245--262",
  month        = Mar,
}

@Book{kunt69,
  author       = "Donald E. Knuth",
  title        = "The art of computer programming",
  publisher    = "Addison-Wesley",
  year         = "1969",
  address      = "",
}

@Book{lista_rnd,
  author       = "{Rand Corporation}",
  title        = "A Million Random Digits with 100,000 Normal Deviates",
  publisher    = "The Free Press",
  year         = "1955",
  address      = "Glencoe, Illinois",
}

@InProceedings{rnd_chaos_SC,
  author       = "S. Espejo-Meana and A. Rodriquez-Vazquez and J.
                 Huertas and J. Quintana",
  title        = "Application of Chaotic switched-capacitor circuits for
                 random number generation",
  booktitle    = "European Conference on Circuit Theory and Design",
  pages        = "440--444",
  year         = "1989",
}

@Article{bernstein90:_secur_random,
  author       = "G. Bernstein and M. Lieberman",
  title        = "Secure Random number generation using chaotic
                 circuits",
  journal      = T-CAS,
  year         = "1990",
  volume       = "37",
  number       = "9",
  pages        = "1157--1164",
}

@Article{u.feldmann96:_commun,
  author       = "U. Feldmann and M. Hasler and  W. Schwarz",
  title        = "Communication by chaotic signals: the inverse system
                 approach",
  journal      = JCTA,
  year         = "1996",
  volume       = "24",
  pages        = "551--579",
  month        = Sep,
  annotation   = "non letto, qui per riferimento",
}

@Article{herve93:_chaos_shift_keyin,
  author       = "Herv\'e Dedieu and Michael Peter Kennedy and Martin
                 Hasler",
  title        = "Chaos Shift Keying: Modulation and demodulation of a
                 chaotic carrier using self-synchronizing {Chua's}
                 circuits",
  journal      = T-CASII,
  year         = "1993",
  volume       = "40",
  number       = "10",
  pages        = "634--642",
  month        = Oct,
  annote       = "fotocopia",
}

@InProceedings{dmitriev98:_high,
  author       = "Dmitriev A. S. and Yemetz S. V. and S. O. Starkov",
  title        = "High rate data communication using dynamical chaos",
  booktitle    = icassp,
  pages        = "?--?",
  year         = "1998",
  editor       = "IEEE",
  address      = "Indirizzo",
  month        = "mese",
  organization = "IEEE",
  note         = "< Ricupera i dati ! >",
}

@Article{dmitriev97:_rf,
  author       = "A. S. Dmitriev and A. I. Panas and S. O. Starkov and
                 L. V. Kuzmin",
  title        = "Experiments on {RF} Band Communications Using Chaos",
  journal      = "International Journal of Bifurcation and Chaos",
  year         = "1997",
  volume       = "7",
  number       = "11",
  pages        = "2511--2528",
  month        = Nov,
}

@Article{stern87:_secret,
  author       = "J. Stern",
  title        = "Secret Linear Congruential Generators are not
                 Cryptograhically Secure",
  journal      = "Proceedings of IEEE STOC",
  year         = "1987",
  annote       = "trovato su rfc1750@thor",
}

@Article{krawczyk92,
  author       = "H. Krawczyk",
  title        = "How to Predict Congruential Generators",
  journal      = "Journal of Algorithms",
  year         = "1992",
  volume       = "13",
  number       = "4",
  month        = Dec,
  annote       = "trovato su rfc1750@thor",
}

@Misc{rfc1750,
  key          = "RFC1750",
  author       = "D. Eastlake and S. Crocker and J. Schiller",
  title        = "{RFC1750}: Randomness Reccomandations for Security",
  howpublished = "Internet Activities Board",
  month        = Dec,
  year         = "1994",
}

@Book{konheim81:_crypt,
  author       = "Alan G. Konheim",
  title        = "Cryptography: {A} Primer",
  publisher    = "John Wiley and Sons",
  year         = "1981",
  annote       = "rfc1750@thor",
}

@Book{meyer82:_crypt,
  author       = "Carl H. Meyer and Stephen M. Matyas",
  title        = "Cryptography: {A} New Dimension in Computer Data
                 Security",
  publisher    = "John Wiley and Sons",
  year         = "1982",
  annote       = "rfc1750@thor",
}

@Book{schneier94:_applied_crypt,
  author       = "Bruce Schneier",
  title        = "Applied Cryptography: Protocols, Algorithms, and
                 Source Code in {C}",
  publisher    = "John Wiley and Sons",
  year         = "1994",
  annote       = "rfc1750@thor",
}

@Book{brillinger81:_time_series,
  author       = "David Brillinger",
  title        = "Time Series: Data Analysis and Theory",
  publisher    = "Holden-Day",
  year         = "1981",
  annote       = "rfc1750@thor",
}

@Article{synch_chaos,
  author       = "Y. S. Tang and Alistair I. Mess and Leon O. Chua",
  title        = "Synchronization and Chaos",
  journal      = T-CAS,
  year         = "1983",
  volume       = "30",
  number       = "9",
  pages        = "620--626",
  month        = Sep,
  annote       = "Oscillatore sincrono che va in caotico",
}

@Article{cauwenberghs99:_delta_sigma,
  author       = "Gert Cauwenberghs",
  title        = "{Delta-Sigma} Cellular Automata for Analog {VLSI}
                 Random Vector Generation",
  journal      = T-CASII,
  year         = "1999",
  volume       = "46",
  number       = "3",
  pages        = "240--250",
  month        = Mar,
}

@Article{r.83,
  author       = "R. Jarvis",
  title        = "A perspective on range-finding techniques for computer
                 vision",
  journal      = T-PAMI,
  year         = "1983",
  volume       = "5",
  pages        = "122--139",
}

@InBook{j.87:_three,
  author       = "J. Mundy and G. Porter",
  title        = "Three-dimensional machine vision",
  chapter      = "1-A three-dimensional sensor based on structured
                 light",
  publisher    = "Kluver Academic Publisher",
  year         = "1987",
  pages        = "3--61",
}

@Book{meyer92:_n_body,
  author       = "K. R. Meyer and G. R. Hall",
  title        = "Introduction to Hamiltonian Dynamical Systems and the
                 {N}-Body Problem",
  publisher    = "Springer-Verlag",
  year         = "1992",
  volume       = "90",
  series       = "Applied Mathematical Sciences",
  address      = "New York",
}

@Article{Anosov67,
  author       = "D. V. Anosov",
  title        = "Geod{\"a}tische Fl{\"u}sse und abgeschlossene
                 Mannigfaltigkeiten mit negativer Kr{\"u}mmung",
  journal      = "Tr. Mat. Insta im. Steklova",
  volume       = "90",
  pages        = "1",
  year         = "1967",
  keywords     = "shadowing theorem",
  note         = "(in Russian)",
}

@Article{Sauer97a,
  author       = "T. Sauer and C. Grebogi and J. A. Yorke",
  title        = "How long do numerical chaotic solutions remain
                 valid?",
  journal      = phys-rev,
  volume       = "79",
  number       = "1",
  pages        = "59--62",
  year         = "1997",
  keywords     = "computational, shadowing, scaling, (c+)",
}

@Article{Dawson94,
  author       = "S. Dawson and C. Grebogi and T. Sauer and J. A.
                 Yorke",
  title        = "Obstructions to Shadowing When a {L}yapunov Exponent
                 Fluctuates about Zero",
  journal      = phys-rev,
  volume       = "73",
  publisher    = "1927-1930",
  year         = "1994",
  keywords     = "Lyapunov exponents, shadowing, computational",
}

@Article{Hammel87,
  author       = "S. M. Hammel and J. A. Yorke and C. Grebogi",
  title        = "Do numerical orbits of chaotic dynamical processes
                 represent true orbits?",
  journal      = "J. Compl.",
  volume       = "3",
  pages        = "136",
  year         = "1987",
  keywords     = "chaotic, orbit, shadowing, numerical",
}

@Article{Hammel88,
  author       = "S. M. Hammel and J. A. Yorke and C. Grebogi",
  title        = "Numerical Orbits of Chaotic Processes Represent True
                 Orbits",
  journal      = bulletin-AMS,
  volume       = "19",
  pages        = "465--?",
  year         = "1988",
}

@Article{Eckmann85,
  author       = "J.-P. Eckmann and D. Ruelle",
  title        = "Ergodic Theory of Chaos and Strange Attractors",
  journal      = "Rev. Mod. Phys.",
  volume       = "57",
  pages        = "617--656",
  year         = "1985",
  keywords     = "nonlinear dynamics, chaos, ergodic theory, Lyapunov
                 exponent, invariant measure, (Hao Bai-Lin II), (basic
                 questions), (review), (mathematical), (c+)",
}

@Book{ergodico,
  author       = "Karl Petersen",
  title        = "Ergodic Theory",
  publisher    = "Cambridge University Press",
  year         = "1983",
  series       = "Cambridge studies in advanced mathematics",
  address      = "Cambridge",
  annote       = "Decisamente un buon libro, abbastanza chiaro. Contiene
                 paritzioni generatrici",
}

@Article{gish68:_asymp,
  author       = "H. Gish and J. N. Pierce",
  title        = "Asymptotically efficient quantizing",
  journal      = T-IT,
  year         = "1968",
  volume       = "13",
  number       = "3",
  pages        = "506--511",
}

@Article{dorai98,
  author       = "Chitra Dorai and Gang Wang and Anik Jain and Carolyn
                 Mercer",
  title        = "Registration and Integration of Multiple Object views
                 for 3{D} Model",
  journal      = T-PAMI,
  year         = "1998",
  volume       = "20",
  number       = "1",
  month        = Jan,
}

@Article{umasuthan96:_outlier,
  author       = "M. Umasuthan and A. M. Wallace",
  title        = "Outlier removal and discontinuity smoothing of range
                 data",
  journal      = "IEE Proceedings: Vision, Image and Signal Processing",
  year         = "1996",
  volume       = "143",
  number       = "3",
  pages        = "191--200",
}

@InProceedings{frigui96,
  author       = "Hichem Frigui and Raghu Krishnapuram",
  title        = "A Robust Clustering Algorithm Based on Competitive
                 Agglomeration and Soft Rejection of Outliers",
  booktitle    = "Proceedings of the 1996 Conference on Computer Vision
                 and Pattern Recognition",
  year         = "1996",
}

@InProceedings{miller96:_muse,
  author       = "James V. Miller and Charles V. Stewart",
  title        = "{MUSE}: Robust Surface Fitting using Unbiased Scale
                 Estimates",
  booktitle    = "Proceedings of the 1996 Conference on Computer Vision
                 and Pattern Recognition",
  year         = "1996",
}

@InProceedings{Anthony96,
  author       = "Anthony N. A. Schwickerath and J. Ross Beveridge",
  title        = "Coregistration of Range and Optical Images Using
                 Coplanarity and Orientation Constraints",
  booktitle    = "Proceedings of the 1996 Conference on Computer Vision
                 and Pattern Recognition",
  year         = "1996",
}

@Article{kolumban98:_role_synch,
  author       = "G. Kolumb\'an and M. P. Kennedy and Leon O. Chua",
  title        = "The Role of Synchronization in Digital Communications
                 using Chaos--Part {II}: Chaotic Modulation and Chaotic
                 Synchronization",
  journal      = T-CASI,
  year         = "1998",
  volume       = "45",
  number       = "11",
  pages        = "1129--1139",
  month        = Nov,
}

@InProceedings{schweizer99:_perfor,
  author       = "J{\"o}rg Schweizer",
  title        = "The Performance of chaos shift keying: synchronization
                 versus symbolic backtracking",
  booktitle    = "IEEE International Symposium on Circuits and Systems",
  address      = "Monterey",
  month        = may,
  year         = "1998",
}

@InProceedings{highRateData,
  author       = "A. S. Dmitriev and S. V. Yemetz and S. O. Starkov",
  title        = "High rate data communication using dynamical chaos",
  booktitle    = "IEEE International Symposium on Circuits and Systems",
  address      = "Monterey",
  month        = may,
  year         = "1998",
}

@Book{akl89,
  author       = "Selim G. Akl",
  title        = "The design and analysis of parallel algorithm",
  publisher    = "Prentice Hall",
  year         = "1989",
  address      = "Englewood Cliffs NJ",
}

@Article{szeliski96:_video_mosaic,
  author       = "R. Szeliski",
  title        = "Video Mosaic for Virtual Environments",
  journal      = "IEEE Computer Graphics and Applications",
  year         = "1996",
  pages        = "22--30",
  month        = Mar,
}

@Article{picard97:_video_orbit,
  author       = "R. W. Picard and S. Mann",
  title        = "Video Orbits of the Projective Group: {A} Simple
                 Approach to Featureless Estimation of Parameters",
  journal      = T-IP,
  year         = "1997",
  volume       = "6",
  number       = "9",
  pages        = "1281--1295",
  month        = sep,
}

@Article{shashua95:_algeb,
  author       = "A. Shashua",
  title        = "Algebraic functions for recognition",
  journal      = T-PAMI,
  year         = "1995",
  pages        = "779--789",
}

@Article{longuet-higgins81,
  author       = "H. C. Longuet-Higgins",
  title        = "A computer algorithm for reconstructing a scene from
                 two projections",
  journal      = "Nature",
  year         = "1981",
  pages        = "133--135",
}

@InProceedings{thalmann97:_virtual,
  author       = "Daniel Thalmann",
  title        = "Virtual humans in virtual environments: a new view of
                 multimedia applications",
  booktitle    = "International Workshop on Synthetic-Natural Hybrid
                 Coding and Three Dimensional Imaging",
  pages        = "3--7",
  year         = "1997",
  editor       = "Nikos Sarris and Michael G. Strintzis",
  address      = "Rhodes, Greece",
  month        = sep,
}

@InProceedings{lucchese96:_estim_fourier,
  author       = "Luca Lucchese and Guido Maria Cortelazzo and Carlo
                 Monti",
  title        = "Estimation of affine transformations between images
                 pairs via {Fourier} transform",
  booktitle    = "Proc. IEEE International Conference on Image
                 Processing",
  pages        = "715--718",
  year         = "1996",
  address      = "Switzerland",
  month        = sep,
}

@Article{bracewell93:_affin_fourier,
  author       = "R. N. Bracewell and K.-Y. Chang and A. K. Jha and
                 Y.-H. Wang",
  title        = "Affine theorem for two-dimensional {Fourier}
                 transform",
  journal      = el-letters,
  year         = "1993",
  volume       = "29",
  number       = "3",
  pages        = "304",
  month        = Feb,
}

@Article{lucchese00:_noise,
  author       = "Luca Lucchese and Guido Maria Cortelazzo",
  title        = "A Noise-Robust Frequency Domain Technique for
                 Estimating Planar Roto-Translations",
  journal      = T-SP,
  year         = "2000",
  volume       = "48",
  number       = "6",
  month        = jun,
}

@InProceedings{kuglin75,
  author       = "C. D. Kuglin and D. C. Hines",
  title        = "The phase correlation image alignment method",
  booktitle    = "Proc. IEEE Int. Conf. Cybern. Soc.",
  pages        = "163--165",
  year         = "1975",
  month        = sep,
}

@Article{wang99:_estim_initial,
  author       = "S. C. Wang and al.",
  title        = "Estimating Initial Conditions of noisy Chaotic Signals
                 Generated by piece-wise linear {Markov} maps using
                 itineraries",
  journal      = T-SP,
  year         = "1999",
  volume       = "47",
  number       = "12",
  pages        = "000--000",
  month        = dec,
}

@Article{isabelle97:_statis,
  author       = "S. H. Isabelle and G. W. Wornell",
  title        = "Statistical Analysis and Spectral Estimation
                 Techniques for One-Dimensional Chaotic Signals",
  journal      = T-SP,
  year         = "1997",
  volume       = "45",
  number       = "6",
  pages        = "000--000",
  month        = jun,
}

@InProceedings{bo:fiat,
  author       = "Silvia Quattrocolo and Enrico Pisino and Paolo
                 Leoncini and Giuseppe Persechino and Bogdan Sikorski",
  title        = "Ergonomic Tests in a Virtual Environment",
  booktitle    = "Proc. of High Performance Graphics Systems and
                 Applications European Workshop",
  pages        = "65--69",
  year         = "2000",
  address      = "Bologna (Italy)",
  month        = oct,
  organization = "Cineca",
}

@InProceedings{bo:ossa,
  author       = "C. Zannoni and P. Quadrani and R. Lattanzi and M.
                 Viceconti",
  title        = "Evaluation of the effectiveness of 2{D} and 3{D}
                 interfaces in Computer Assisted Orthopaedic Surgery",
  booktitle    = "Proc. of High Performance Graphics Systems and
                 Applications European Workshop",
  pages        = "45--49",
  year         = "2000",
  address      = "Bologna (Italy)",
  month        = oct,
  organization = "Cineca",
}

@Article{kohda93:_pseud,
  author       = "Tohru Kohda and Akio Tsuneda",
  title        = "Pseudonoise sequences by chaotic nonlinear maps and
                 their correlation properties",
  journal      = IEICE-tcom,
  year         = "1993",
  volume       = "E76-B",
  number       = "8",
  pages        = "855--862",
  month        = aug,
}

@Article{kohda97:_statis,
  author       = "Tohru Kohda and Akio Tsuneda",
  title        = "Statistics of chaotic binary sequences",
  journal      = T-IT,
  year         = "1997",
  volume       = "43",
  number       = "1",
  pages        = "104--112",
  month        = jan,
}

@Article{murao85,
  author       = "Kenji Murao and Tohru Kohda",
  title        = "A new approach to time series analyses of chaotic
                 orbits in one-dimensional maps",
  journal      = "Electronics and Communications in Japan",
  year         = "1985",
  volume       = "68",
  number       = "2",
  pages        = "10--20",
}

@InProceedings{baranovski99:_statis,
  author       = "A. L. Baranovski and W. Schwarz and A. M{\"o}gel",
  title        = "Statistical analysis and design of chaotic switched
                 dynamical systems",
  booktitle    = "Proc. ISCAS'99",
  pages        = "467--470",
  year         = "1999",
  volume       = "V",
  address      = "Orlando, Florida",
  organization = "IEEE",
}

@Article{baranovski99:P_statis,
  author       = "Alexander L. Baranovski and Wolfgang Schwarz",
  title        = "Statistical analysis and design of continuous-discrete
                 chaos generators",
  journal      = IEICE-fund,
  year         = "1999",
  volume       = "E82-A",
  number       = "9",
  pages        = "1762--1768",
  month        = sep,
}

@InProceedings{CorteDLT:eusipco98:3dreg,
  author       = "G. M. Cortelazzo and G. Doretto and L. Lucchese and S.
                 Totaro",
  title        = "Three Dimensional View Registration by a Frequency
                 Domain Technique",
  booktitle    = "Proc. European Signal Processing Conference, EUSIPCO
                 98",
  pages        = "1289--1292",
  year         = "1998",
  address      = "Rhodos, Greece",
  month        = sep,
  argomento    = "Rappresentazione interattiva della scena ed
                 applicazioni multimediali",
  argidx       = "5",
}

@InProceedings{lucchese97:_frequen,
  author       = "L. Lucchese and G. M. Cortelazzo G. Doretto",
  title        = "Frequency domain estimation of 3{D} Rigid Motion Based
                 on Range and Intensity Data",
  booktitle    = "Proc. IEEE International Conference on Recent Advances
                 in 3D Digital Imaging and Modelling",
  argomento    = "Rappresentazione interattiva della scena ed
                 applicazioni multimediali",
  argidx       = "5",
  pages        = "107--112",
  year         = "1997",
  address      = "Ottawa, Canada",
  month        = May,
}

@InProceedings{CorteDLT:icassp98:3dreg,
  author       = "G. M. Cortelazzo and G. Doretto and L. Lucchese and S.
                 Totaro",
  title        = "A Frequency-domain Method for Registration of Range
                 Data",
  booktitle    = "Proc. IEEE International Symposium on Circuits and
                 Systems",
  argomento    = "Rappresentazione interattiva della scena ed
                 applicazioni multimediali",
  argidx       = "5",
  pages        = "518--521",
  year         = "1998",
  address      = "Monterey, CA",
  month        = jun,
}

@Book{Cariolaro,
  author       = "Gianfranco Cariolaro",
  title        = "La teoria unificata dei segnali",
  publisher    = "UTET libreria",
  year         = "1996",
  address      = "Torino, Italy",
}

@Article{petersen62:_sampl_n,
  author       = "D. P. Petersen and D. Middleton",
  title        = "Sampling and reconstruction of wave-number-limited
                 functions in ${N}$--dimensional {Euclidean} spaces",
  journal      = "Informat. Contr.",
  year         = "1962",
  volume       = "5",
  pages        = "279--323",
}

@Article{allebach84:_desig,
  author       = "J. P. Allebach",
  title        = "Design of antialiasing patterns for time-sequential
                 sampling of spatiotemporal signals",
  journal      = t-assp,
  year         = "1984",
  volume       = "32",
  number       = "1",
  month        = feb,
}

@Article{cheung90:_image_nyquis,
  author       = "K. F. Cheung and R. J. Marks II",
  title        = "Image sampling below the Nyquist density without
                 aliasing",
  journal      = josa-a,
  year         = "1990",
  volume       = "7",
  number       = "1",
  month        = jan,
}

@Book{vidyasagar85,
  author       = "M. Vidyasagar",
  title        = "Control System Synthesis: {A} Factorization Approach",
  publisher    = "The MIT Press",
  year         = "1985",
  address      = "Cambridge",
}

@Book{duffee46,
  author       = "C. C. Mac Duffee",
  title        = "The Theory of Matrixes",
  publisher    = "Chelsea Publishing Company",
  year         = "1946",
  address      = "New York",
}

@Article{mersereau83,
  author       = "R. M. Mersereau and T. E. Speake",
  title        = "The processing of periodically sampled
                 multidimensional signals",
  journal      = t-assp,
  year         = "1983",
  pages        = "188--194",
  month        = feb,
}

@Article{viscito91:_fir,
  author       = "E. Viscito and J. P. Allebach",
  title        = "The analysis and design of multidimensional {FIR}
                 perfect reconstruction filter banks for arbitrary
                 sampling lattices",
  journal      = t-cas,
  year         = "1991",
  pages        = "29--41",
  month        = jan,
}

@Article{mullen80:_convex,
  author       = "P. Mac Mullen",
  title        = "Convex bodies which tile space by traslations",
  journal      = "Mathematika",
  year         = "1980",
  pages        = "113",
}

@Article{cortelazzo93,
  author       = "G. M. Cortelazzo and R. Manduchi",
  title        = "On the determination of all the sublattices of
                 preassigned index and its application to
                 multidimensional subsampling",
  journal      = t-vt,
  year         = "1993",
}

@TechReport{drewery78:_zone,
  author       = "J. O. Drewery",
  title        = "The Zone-plate as a Television Test Pattern",
  institution  = "BBC Research Departement",
  year         = "1978",
  number       = "23",
}

@TechReport{weston80,
  author       = "M. Weston",
  title        = "A Set of Time Varving Television Test Pattern",
  institution  = "BBC Research Departement",
  year         = "1980",
  number       = "9",
}

@Article{bryndahl74:_moire,
  author       = "O. Bryndahl",
  title        = "Moir\'e.\ Formation and interpolation",
  journal      = josa-a,
  year         = "1974",
  pages        = "1287--1293",
  month        = oct,
}

@InProceedings{ansari88:_two,
  author       = "R. Ansari and S. Lee",
  title        = "Two-dimensional non-rectangular interpolation,
                 decimation, and filter blanks",
  booktitle    = "Proceedings of ICASSP 88",
  year         = "1988",
  address      = "New York",
  month        = apr,
}

@Article{hertz34:_theor,
  author       = "P. Hertz and F. Gray",
  title        = "A Theory of Scanning and Its Relationship to the
                 Caracteristics of the Transmitted Signal in
                 Telephotography and Television",
  journal      = "BSTJ",
  year         = "1934",
  pages        = "464--515",
  month        = jul,
}

@Article{h.a.wheeler38,
  author       = "H. A. Wheeler and A. V. Loughern",
  title        = "The fine Structure of Television Images",
  journal      = "Proc. of I.R.E",
  year         = "1938",
  pages        = "540--575",
  month        = may,
}

@Article{gouriet52:_dot_telev,
  author       = "G. G. Gouriet",
  title        = "Dot-interlaced Television",
  journal      = "Electron. Eng.",
  year         = "1952",
  volume       = "24",
  pages        = "166--171",
  month        = apr,
}

@Article{sabatier78:_sampl_compon,
  author       = "J. Sabatier and F. Kretz",
  title        = "Sampling the Components of 625-line colour-television
                 signals",
  journal      = "E.B.U. Rev. Tech.",
  year         = "1978",
  number       = "171",
  pages        = "212--225",
  month        = oct,
}

@Article{brainard67:_low_tv,
  author       = "R. C. Brainard and F. W. Mounts and B. Prasada",
  title        = "Low-resolution {TV}: Subjective Effets of Frame
                 Repetition and Picture Replenishement",
  journal      = bell,
  year         = "1967",
  volume       = "46",
  pages        = "261--271",
  month        = oct,
}

@Article{j.sabatier81:_echan_,
  author       = "J. Sabatier and F. Kretz",
  title        = "Echantillonnage des Images de Television: Analyse dans
                 le domaine Spatio-temporal et dans le domaine de
                 Fourier",
  journal      = "Ann.Telecommunications",
  year         = "1981",
  pages        = "231--273",
  month        = mar,
}

@TechReport{tonge82:_three,
  author       = "G. J. Tonge",
  title        = "Three--dimensional Filters for Television Sampling",
  institution  = "Indipendent Broadcasting Authority",
  year         = "1982",
  number       = "117/82",
  month        = jun,
}

@TechReport{tonge81:_sampl_,
  author       = "G. J. Tonge",
  title        = "The Sampling of Television Images",
  institution  = "Indipendent Broadcasting Authority",
  year         = "1981",
  number       = "112/81",
  month        = may,
}

@Book{Papoulis,
  author       = "Athanasios Papoulis",
  title        = "The Fourier integral and its applications",
  publisher    = "McGraw-Hill",
  year         = "1962",
  address      = "New York",
}

@Book{Munkres,
  author       = "James Raymond Munkres",
  title        = "Topology; {A} First Course",
  publisher    = "Prentice Hall",
  year         = "1974",
}

@Article{Moser69,
  author       = "J. Moser",
  title        = "On a Theorem of {Anosov}",
  journal      = jdiffeq,
  year         = "1969",
  volume       = "5",
  pages        = "411--440",
}

@Book{lehner64:_discon_group,
  author       = "Joseph Lehner",
  title        = "Discontinuous Groups and Automorphic Functions",
  publisher    = "American Mathematical Society",
  year         = "1964",
  number       = "VIII",
  series       = "Mathematical Surveys",
  address      = "Providence, Rhode Island",
}

@Article{spiht,
  author       = "Amir Said and William A. Pearlman",
  title        = "A New Fast and Efficient Image Codec Based on Set
                 Partitioning in Hierarchical Trees",
  journal      = T-CASVT,
  volume       = "6",
  pages        = "243--250",
  year         = "1996",
  URL          = "citeseer.nj.nec.com/said96new.html",
}

@Article{ezw,
  author       = "J. Shapiro",
  title        = "Embedded image coding using zerotrees of wavelet
                 coefficients",
  journal      = T-SP,
  year         = "1993",
  volume       = "41",
  number       = "12",
  pages        = "3445--3462",
  month        = dec,
}

@InProceedings{mohr99unequal,
  author       = "A. Mohr and E. Riskin and R. Ladner",
  title        = "Unequal loss protection: Graceful degradation of image
                 quality over packet erasure channels through forward
                 error correction",
  year         = "1999",
  booktitle    = P-DCC,
  URL          = "citeseer.nj.nec.com/mohr99unequal.html",
}

@Article{albanese96:_prior_encod_trans,
  author       = "J. Albanese and Blomer and J. Edmonds and M. Luby and
                 M. Sudan",
  title        = "Priority Encoded Transmission",
  journal      = T-IT,
  year         = "1996",
  volume       = "42",
  number       = "6",
  pages        = "1737--1744",
  month        = nov,
}

@InProceedings{engel00,
  author       = "Klaus Engel and Ove Sommer and Thomas Ertl",
  title        = "A Framework for Interactive Hardware Accelerated
                 Remote 3{D}-Visualization",
  booktitle    = "IEEE TCVG Symposium on Visualization",
  year         = "2000",
  organization = "IEEE",
}

@InProceedings{engel99,
  author       = "Klaus Engel and Ove Sommer and Christian Ernst and
                 Thomas Ertl",
  title        = "Remote 3{D} Visualization using Image-Streaming
                 Techniques",
  booktitle    = "Proc. of the International Symposium on Intelligent
                 Multimedia and Distance Education",
  year         = "1999",
}

@Misc{tsoi-adaptive,
  author       = "K. N. Tsoi and E. Grvller",
  title        = "Adaptive Visualization over the Internet",
  URL          = "citeseer.nj.nec.com/379785.html",
}

@InProceedings{engel99texturebased,
  author       = "Klaus Engel and Thomas Ertl",
  title        = "Texture-based Volume Visualization for Multiple Users
                 on the World Wide Web",
  booktitle    = "Virtual Environments '99. Proceedings of the
                 Eurographics Workshop in Vienna, Austria",
  editor       = "Michael Gervaut and Dieter Schmalstieg and Axel
                 Hildebrand",
  pages        = "115--124",
  year         = "1999",
  URL          = "citeseer.nj.nec.com/engel99texturebased.html",
}

@InProceedings{bailey97:_vizwiz,
  author       = "Michael Bailey and Cherilyn Michaels",
  title        = "{VizWiz}: a {Java} Applet for Interactive 3{D}
                 Scientific Visualization on the Web",
  booktitle    = "Proceedings IEEE Visualization '97",
  pages        = "261--267",
  year         = "1997",
}

@InProceedings{yoon00,
  author       = "Ilmi Yoon and Ulrich Neumann",
  title        = "Web-based remote rendering with {IBRAC} (Image-Based
                 Acceleration an Compression)",
  booktitle    = "Proc. of EUROGRAPHICS 2000",
  year         = "2000",
  editor       = "M. Gross and F. R. A. HopGood",
  volume       = "19",
  number       = "3",
  publisher    = "Blackell Publishers, Oxford, UK",
}

@Misc{coord-cil,
  author       = "G. M. Cortelazzo",
  howpublished = "Private communication",
}

@Book{Brink-Kahl-Schmidt-1997,
  editor       = "Chris Brink and Wolfram Kahl and Gunther Schmidt",
  title        = "Relational Methods in Computer Science",
  publisher    = "Springer-Verlag",
  series       = "Advances in Computing",
  address      = "Wien, New York",
  note         = "ISBN 3-211-82971-7",
  year         = "1997",
}

@Article{tarski41:_calcul_relat,
  author       = "A. Tarski",
  title        = "On the Calculus of Relations",
  journal      = "Journal of Symbolic Logic",
  year         = "1941",
  volume       = "6",
  pages        = "73--89",
}

@Article{cvetkovic98:_overs_filter_banks,
  author       = "Zoran Cvetkovi\'c and Martin Vetterli",
  title        = "Oversampled Filter Banks",
  journal      = T-SP,
  year         = "1998",
  volume       = "46",
  number       = "5",
  pages        = "1245--1255",
  month        = may,
}

@Article{heil89continuous,
  author       = "Christopher E. Heil and David F. Walnut",
  title        = "Continuous and Discrete Wavelet Transforms",
  journal      = "SIAM Review",
  volume       = "31",
  number       = "4",
  pages        = "628--666",
  year         = "1989",
  URL          = "citeseer.nj.nec.com/77960.html",
}

@Book{ullman,
  author       = "Alfred V. Aho and John E. Hopcroft and Jefrrey D.
                 Ullman",
  title        = "The Design and Analysis of Computer Algorithms",
  publisher    = "Addison-Welsey",
  year         = "1974",
  address      = "London",
}

@Article{jpeg,
  author       = "G. K. Wallace",
  title        = "The {JPEG} still picture compression standard",
  journal      = T-CONS,
  year         = "1993",
  volume       = "38",
  number       = "1",
  pages        = "18--34",
  month        = feb,
}

@Article{jpegls-2,
  author       = "G. Sapiro and G. Seroussi and M. Weinberger",
  title        = "The {LOCO-I} lossless image compression algorithm:
                 principles and standardization into {JPEG-LS}",
  journal      = T-IP,
  year         = "2000",
  volume       = "9",
  number       = "8",
  pages        = "1309--1324",
  month        = aug,
}

@InProceedings{mapac,
  author       = "S. A. Martucci",
  title        = "Reversibile compression of {HDTV} images using median
                 adaptive prediction and arithmetic coding",
  booktitle    = P-ICIP,
  pages        = "1310--1313",
  year         = "1990",
  organization = "IEEE",
}

@InProceedings{felics,
  author       = "P. G. Howard and J. S. Vitter",
  title        = "Fast and efficient lossless image compression",
  booktitle    = P-DCC,
  pages        = "351--360",
  year         = "1993",
  publisher    = "Comput. Soc. Press, Los Alamitos, CA, USA",
}

@Article{calic,
  author       = "N. Memon and X. Wu",
  title        = "Context-based, adaptive, lossless image coding",
  journal      = T-COM,
  year         = "1997",
  volume       = "45",
  number       = "4",
  pages        = "437--444",
  month        = apr,
}

@Misc{newmpeg,
  title        = "{\em Call for Proposals for Digital Cinema}",
  howpublished = "ISO/IEC JTC1/SC29/WG11 N 4066",
  month        = mar,
  year         = "2001",
}

@Misc{jpegls-d,
  title        = "{\em JPEG-LS; Lossless and near-lossless coding of
                 continuous tone still images}",
  howpublished = "ISO/IEC JTC 1/SC 29/WG 1 FCD 14495",
  month        = jul,
  year         = "1997",
}

@Misc{metav,
  title        = "{\tt http://www.ist-metavision.com/}",
  note         = "Metavision IST-99-20859 European Project.",
}

@Article{memon,
  author       = "N. D. Memon and K. Sayood",
  title        = "Lossless Compression of Video Sequences",
  journal      = T-COM,
  year         = "1996",
  volume       = "44",
  number       = "10",
  pages        = "1340--1345",
  month        = oct,
}

@InProceedings{faryar,
  author       = "K. H. Yang and A. F. Faryar",
  title        = "A Context-based Predictive Coder for Lossless and
                 Near-lossless Compression of Video",
  booktitle    = ICIP2000,
  pages        = "144--147",
  year         = "2000",
  volume       = "I",
  address      = "Vancouver, Canada",
  month        = sep,
}

@InProceedings{loco3d,
  author       = "B. Martins and S. Forchhammer",
  title        = "Lossless Compression of Video using Motion
                 Compensation",
  booktitle    = P-DCC,
  pages        = "560",
  year         = "1998",
  address      = "Los Alamitos, CA, USA",
}

@InProceedings{_rinaldo:icip2002,
  author       = "D. Brunello and G. Calvagno and G. A. Mian and R.
                 Rinaldo",
  title        = "Lossless Video Coding Using Optimal 3{D} Prediction",
  booktitle    = ICIP2002,
  pages        = "to appear",
  year         = "2002",
  address      = "Rochester, USA",
  month        = sep,
}

@Book{bookh264,
  author       = "Iain E. G. Richardson",
  title        = "{H}.264 and {MPEG}-4 Video Compression",
  publisher    = "John Wiley \& Sons",
  year         = "2003",
  address      = "New York",
}

@Book{jpeg2000,
  author       = "D. Taubman and M. Marcellin",
  title        = "{JPEG2000}: Image Compression Fundamentals, Standards
                 and Practice",
  publisher    = "Kluwer International",
  year         = "2001",
  volume       = "642",
  series       = "Series In Engineering And Computer Science",
}

@Book{tremblary75:_discr_mathem,
  author       = "Jean Paul Tremblary and R. Manohar",
  title        = "Discrete Mathematical Structures with applications to
                 Computer Science",
  publisher    = "Mc Graw Hill",
  year         = "1975",
  series       = "Computer Science Series",
  address      = "New York",
}

@Book{Gries71,
  author       = "D. Gries",
  title        = "Compiler Construction for Digital Computers",
  year         = "1971",
  publisher    = "Wiley",
  address      = "New York",
  keywords     = "",
}

@Book{farina00:_posit_linear_system,
  author       = "Lorenzo Farina and Sergio Rinaldi",
  title        = "Positive Linear Systems: Theory and Applications",
  publisher    = "John Wiley \& Sons",
  year         = "2000",
}

@Article{bolot93:_charac,
  author       = "J. Bolot",
  title        = "Characterizing end-to-end packet delay and loss in the
                 internet",
  journal      = "Journal of High Speed Networks",
  year         = "1993",
  pages        = "289--298",
  month        = sep,
  URL          = "citeseer.nj.nec.com/bolot93characterizing.html",
}

@Article{gilbert,
  author       = "E. N. Gilbert",
  title        = "Capacity of a burst-noise channel",
  journal      = bell,
  year         = "1960",
  volume       = "39",
  pages        = "1253--1266",
  month        = sep,
}

@Book{strang80:_linear_algeb,
  author       = "G. Strang",
  title        = "Linear Algebra and its Applications",
  publisher    = "Academic Press",
  year         = "1980",
  address      = "New York",
}

@Article{mohr00:_unequal,
  author       = "A. E. Mohr and E. A. Riskin and R. E. Ladner",
  title        = "Unequal loss protection: Graceful degradation of image
                 quality over packet erasure channel through forward
                 error correction",
  journal      = ieee-jsac,
  year         = "2000",
  volume       = "18",
  pages        = "819--828",
  month        = jun,
}

@TechReport{reudink80,
  author       = "D. O. Reudink",
  title        = "The channel splitting problem with interpolative
                 coders",
  institution  = "Bell Labs",
  year         = "1980",
  number       = "TM80-134-1",
  month        = oct,
}

@InProceedings{servetto99:_multip,
  author       = "S. D. Servetto and V. A. Vaishampayan and N. J. A.
                 Sloane",
  title        = "Multiple description lattice vector quantization",
  booktitle    = P-DCC,
  pages        = "13--22",
  year         = "1999",
  address      = "Snowbird, UT",
  month        = mar,
  organization = ieee,
}

@Article{goyal01:_gener,
  author       = "V. K. Goyal and J. {Kova\v cevi\'c}",
  title        = "Generalized multiple description coding with
                 correlating transforms",
  journal      = T-IT,
  year         = "2001",
  volume       = "47",
  month        = sep,
}

@InProceedings{wang97:_multip,
  author       = "Y. Wang and M. T. Orchard and A. R. Reibman",
  title        = "Multiple description image coding for noisy channels
                 by pairing transform coefficients",
  booktitle    = "Proc. IEEE Workshop on Multimedia Signal Processing",
  pages        = "419--424",
  year         = "1997",
  address      = "Princenton, NJ",
  month        = jun,
}

@Article{goyal98:_quant_r_n,
  author       = "V. K. Goyal and Martin Vetterli and N. T. Thao",
  title        = "Quantized overcomplete expansions in {$R^N$}:
                 Analysis, synthesis and algorithms",
  journal      = T-IT,
  year         = "1998",
  volume       = "44",
  pages        = "16--31",
  month        = jan,
}

@Article{yang00:_optim,
  author       = "X. Yang and K. Ramchandran",
  title        = "Optimal subband filter banks for multiple description
                 coding",
  journal      = T-IT,
  year         = "2000",
  volume       = "46",
  pages        = "2477--2490",
  month        = nov,
}

@InProceedings{dragotti01:_quant,
  author       = "P. L. Dragotti and Jelena {Kova\v cevi\'c} and V. K.
                 Goyal",
  title        = "Quantized oversampled filter banks with erasures",
  booktitle    = P-DCC,
  pages        = "173--182",
  year         = "2001",
  address      = "Snowbird, UT",
  month        = mar,
}


@Article{y.wang98:_error,
  author       = "Y. Wang and Q. Zhu",
  title        = "Error Control and Concealment for Video
                 Communications: {A} review",
  journal      = P-IEEE,
  year         = "1998",
  key          = "86",
  volume       = "5",
  pages        = "974--997",
  month        = may,
}

@Article{casazza02:_unifor,
  author       = "G. Casazza and Jelena Kova\v cevi\'c",
  title        = "Uniform tight frames with erasures",
  journal      = "Advances in Computational Mathematics",
  year         = "2002",
  note         = "special issue on Frames",
}

@Article{casazza00:_moder_weyl_heisen_gabor,
  author       = "P. G. Casazza",
  title        = "Modern tools for Weyl-Heisenberg (Gabor) frame
                 theory",
  journal      = "Adv. in Imag. and Electron. Physics",
  year         = "2000",
  pages        = "1--127",
}

@ARTICLE{casazza99:art-frame-theory,
   author = {{Casazza}, P.~G.},
    title = "{The Art of Frame Theory}",
  journal = {Taiwanese Journal of Mathematics},
     year = 2000,
    month = jun,
    pages={129--201},
    volume=4,
    number=2
}



@Submittedto{guframes,
  author       = "Yonina Eldar and Helmut B{\"o}lcskei",
  title        = "Geometrically uniform frames",
  journal      = T-IT,
  status       = "submitted",
  month        = aug,
  year         = "2001",
  keywords     = "Frame theory, geometrically uniform, abelian group",
  URL          = "http://www.nari.ee.ethz.ch/commth/pubs/viewpub.php?ident=guframes",
}

@Article{hassibi01:_repres,
  author       = "B. Hassibi and B. Hochwald and A. Shokrollahi and W.
                 Sweldens",
  title        = "Representation theory for high-rate multiple-antenna
                 code design",
  journal      = T-IT,
  year         = "2001",
  volume       = "47",
  number       = "6",
  pages        = "2355--2367",
}

@Article{goyal01:_quant,
  author       = "V. K. Goyal and Jelena Kovacevic and J. A. Kelner",
  title        = "Quantized frame expansions with erasures",
  journal      = harmonic-analysis,
  year         = "2001",
  volume       = "10",
  number       = "3",
  pages        = "203--233",
  month        = may,
}

@Article{wang93:_maxim,
  author       = "Y. Wang and Q. F. Zhu and L. Shaw",
  title        = "Maximally Smooth Image Recovery in Transform Coding",
  journal      = T-COM,
  year         = "1993",
  volume       = "41",
  number       = "10",
  pages        = "1544--1551",
  month        = oct,
}

@Article{lee95:_loss_recov,
  author       = "X. Lee and Y. Zhang and A. Leon-Garcis",
  title        = "Information Loss Recovery for Block-Based Image Coding
                 Techniques: a Fuzzy Logic Approach",
  journal      = T-IP,
  year         = "1995",
  volume       = "4",
  number       = "3",
  pages        = "259--273",
  month        = mar,
}

@Article{rizzo97effective,
  author       = "Luigi Rizzo",
  title        = "Effective erasure codes for reliable computer
                 communication protocols",
  journal      = "{ACM} Computer Communication Review",
  year         = "1997",
  pages        = "24--36",
  volume       = "27",
  number       = "2",
  month        = apr,
  URL          = "citeseer.nj.nec.com/rizzo97effective.html",
}

@Book{fremlin01:_measur_theor,
  author       = "D. H. Fremlin",
  title        = "Measure Theory",
  publisher    = "Cambridge University Press",
  year         = "2001",
  volume       = "2",
  month        = may,
}

@Book{krantz82:_funct,
  author       = "Steven G. Krantz",
  title        = "Function theory of several complex variables",
  publisher    = "Wiley",
  year         = "1982",
  volume       = "1",
  address      = "New York",
}

@Article{jayant81:_subsam_dpcm,
  author       = "N. S. Jayant",
  title        = "Subsampling of a {DPCM} speech channel to provide two
                 self-contained, half-rate channels",
  journal      = bell,
  year         = "1981",
  volume       = "60",
  number       = "4",
  pages        = "501--509",
  month        = apr,
}

@Article{goyal:intro,
  author       = "Vivek Goyal",
  title        = "Multiple Description Coding: Compression Meets the
                 Network",
  journal      = SPmag,
  year         = "2001",
  pages        = "74--93",
  month        = sep,
  annote       = "Introduzione alle descrizioni multiple",
}

@Article{H264Wireless,
  author       = "T. Stockhammer and M. M. Hannuksela and T. Wiegand",
  title        = "{H.264/AVC} in Wireless Environments",
  journal      = T-CASTV,
  year         = "2003",
  volume       = "13",
  number       = "7",
}

@Misc{H264Standard,
  author       = "{Joint Video Team of ITU-T and ISO/IEC JTC 1}",
  title        = "{Draft ITU-T Recommendation and Final Draft
                 International Standard of Joint Video Specification
                 (ITU-T Rec. H.264 | ISO/IEC 14496-10 AVC)}",
  howpublished = "Joint Video Team (JVT) of ISO/IEC MPEG and ITU-T VCEG,
                 JVT-G050",
  month        = mar,
  year         = "2003",
}

@Book{frankel03:_geomet_physic,
  author       = "Theodore Frankel",
  title        = "The Geometry of Physics: An Introduction",
  publisher    = "Cambridge University Press",
  year         = "2003",
}

@Article{a.01:_multip,
  author       = "V. A. Vaishampayan and N. J. Sloane and S. D.
                 Servetto",
  title        = "Multiple-description vector quantization with lattice
                 codebooks: design and analysis",
  journal      = T-IT,
  year         = "2001",
  volume       = "47",
  number       = "5",
  pages        = "1718--1734",
  month        = jul,
}

@Article{wang01:_multip,
  author       = "Yao Wang and M. T. Orchard and V. Vaishampayan and A.
                 R. Reibman",
  title        = "Multiple description coding using pairwise correlating
                 transforms",
  journal      = T-IP,
  year         = "2001",
  volume       = "10",
  number       = "3",
  pages        = "351--366",
  month        = mar,
}

@Article{j.02:_filter,
  author       = "J. Kova\v{c}evi\'c and P. L. Dragotti and V. K.
                 Goyal",
  title        = "Filter bank frame expansions with erasures",
  journal      = T-IT,
  year         = "2002",
  volume       = "48",
  number       = "6",
  pages        = "1439--1450",
  month        = jun,
}

@Article{goyal01:_qfee,
  author       = "V. K. Goyal and J. Kova\v{c}evi\'c and J. A. Kelner",
  title        = "Quantized Frame Expansions with Erasures",
  journal      = "ACHA",
  year         = "2001",
  volume       = "10",
  number       = "3",
  pages        = "203--233",
  month        = may,
}

@Book{graybill83,
  author       = "Franknlin A. Graybill",
  title        = "Matrices with Applications in Statistics",
  publisher    = "Wadsworth",
  year         = "1983",
  address      = "Belmont, California",
  annote       = "teorema det(I+a'b) ISBN 0-534-98038-4",
}

@Book{rao71:_gener,
  author       = "Radhakrishna Rao and Sujit Kumar Mitra",
  title        = "Generalized inverse of matrices and its applications",
  publisher    = "Wiley",
  year         = "1971",
  address      = "New York",
}

@Article{knyazev02:_princ,
  author       = "Andrew V. Knyazev and Merico E. Argentati",
  title        = "Principal angles between subspaces in an {A}-based
                 scalar product: algorithms and perturbation estimates",
  journal      = siam-sc,
  year         = "2002",
  volume       = "23",
  number       = "6",
  pages        = "2008--2040",
}

@Article{conway96:_packin,
  author       = "John H. Conway and Ronald H. Hardin and Neil J. A.
                 Sloane",
  title        = "Packing lines, planes, etc.: packings in
                 {Grassmannian} spaces",
  journal      = "Experimental Mathematics",
  year         = "1996",
  volume       = "5",
  number       = "2",
  pages        = "139--159",
}

@Book{brown93:_matric_rings,
  author       = "William C. Brown",
  title        = "Matrices over Commutative Rings",
  publisher    = "Marcel Dekker Inc.",
  year         = "1993",
  series       = "Pure and Applied Mathematics",
  address      = "New York",
}

@Book{jgp1,
  author       = "John G. Proakis",
  title        = "Digital Communications",
  edition      = "4th",
  publisher    = "McGraw-Hill",
  address      = "New York",
  year         = "2001",
}

@InProceedings{shirani,
  author       = "S. Shirani and M. Gallant and F. Kossentini",
  title        = "Multiple description image coding using pre- and
                 post-processing",
  booktitle    = "Proc. International Symposium on Information Technology",
  year         = "2000",
  address      = "Las Vegas, Nevada, USA",
  month        = apr,
}

@Article{massey68:_inver,
  author       = "J. L. Massey and M. K. Sain",
  title        = "Inverses of linear sequential circuits",
  journal      = T-COMP,
  year         = "1968",
  volume       = "17",
  pages        = "330--337",
}

@TechReport{KaVi03,
  title        = "On the Complexity of Computing Determinants",
  author       = "Erich Kaltofen and Gilles Villard",
  year         = "2003",
  institution  = "LIP (Laboratoire de l'Informatique du Parall\'elisme),
                 ENSL (Ecole Normale Sup\'erieure de Lyon), France",
  number       = "36",
  type         = "Research Report",
  note         = "Paper submitted, 40 pages",
  ekurl        = "BASE/03/KaVi03:2697263.pdf Maple 7 worksheet:
                 BASE/03/KaVi03:2697263.mws",
}

@Misc{gluesing-luerssen03:_distan,
  author       = "Heide Gluesing-Luerssen and Wiland Schmale",
  title        = "Distance bounds for convolutional codes and some
                 optimal codes",
  month        = may,
  year         = "2003",
  note         = "arXiv:math.RA/0305135",
}

@Article{rosenthal99maximum,
  author       = "Joachim Rosenthal and Roxana Smarandache",
  title        = "Maximum Distance Separable Convolutional Codes",
  journal      = "Applicable Algebra in Engineering, Communication and
                 Computing",
  volume       = "10",
  number       = "1",
  pages        = "15--32",
  year         = "1999",
  URL          = "citeseer.ist.psu.edu/rosenthal99maximum.html",
}

@Book{lin-costello-book,
  author       = "S. Lin and D. J. {Costello,Jr.}",
  title        = "Error Control Coding: Fundamentals and Applications",
  publisher    = "Prentice Hall, Englewood Cliffs, NJ.",
  year         = "1983",
}

@InProceedings{mehrotra00,
  author       = "S. Mehrotra and P. Chou",
  title        = "On optimal frame expansions for multiple description
                 quantization",
  booktitle    = "International Symposium on Information Theory (ISIT)",
  year         = "2000",
  address      = "Sorrento, Italy",
  month        = jun,
}

@InProceedings{goyal98optimal,
  author       = "Vivek K. Goyal and Jelena Kovacevic",
  title        = "Optimal Multiple Description Transform Coding of
                 Gaussian Vectors",
  booktitle    = "Data Compression Conference",
  pages        = "388--397",
  year         = "1998",
  URL          = "citeseer.ist.psu.edu/goyal98optimal.html",
}

@Article{xiong04:_distr_sourc_codin_sensor,
  author       = "Zixiang Xiong and Angelos D. Liveris and Samuel
                 Cheng",
  title        = "Distributed Source Coding for Sensor networks",
  journal      = SPmag,
  year         = "2004",
  pages        = "80--94",
  month        = sep,
}

@Article{pradham02:_distr_compr,
  author       = "S. Sandeep Pradham and Julius Kusuma and Kannan
                 Ramchandran",
  title        = "Distributed Compression in a Dense Microsensor
                 Network",
  journal      = SPmag,
  year         = "2002",
  pages        = "51--60",
  month        = mar,
}

@Article{bolcskei_quant,
  author       = "Helmut B{\"o}lcskei and Franz Hlawatsch",
  title        = "Noise reduction in oversampled filter banks using
                 predictive quantization",
  journal      = T-IT,
  volume       = "47",
  number       = "1",
  pages        = "155--172",
  month        = jan,
  year         = "2001",
  keywords     = "Filter banks, oversampling, frame theory,
                 quantization, noise reduction, noise shaping, linear
                 prediction, subband coding, sigma-delta converter,
                 rate-distortion theory",
  URL          = "http://www.nari.ee.ethz.ch/commth/pubs/p/quant",
}

@Article{zamir02:_nested_linear,
  author  = 	 {Ram Zamir and S. Shamai and U. Erez},
  title   = 	 {Nested Linear/Lattice Codes for Structured 
                  Multiterminal Binning},
  journal = 	 T-IT,
  year    = 	 2002,
  pages   =	 {1250-1276},
  month   =	 jun,
  note    = "Special A.D. Wyner issue", 
  URL     = {http://www.eng.tau.ac.il/~zamir/papers/nested_zse.pdf}
}

@Article{wyner76,
  author = 	 {A. D. Wyner and J. Ziv},
  title = 	 {The rate-distortion function for source coding with side-information at the decoder},
  journal = 	 T-IT,
  year = 	 1976,
  pages =	 {1--10},
  month =	 jul
}

@book{conway87:_spher,
 author = {J. H. Conway and N. J. A. Sloane and E. Bannai},
 title = {Sphere-packings, lattices, and groups},
 year = 1987,
 isbn = {0-387-96617-X},
 publisher = {Springer-Verlag New York, Inc.},
 address = {New York, NY, USA},
 }

@Article{pradhan03:_distr_discus,
  author = 	 {S. S. Pradhan and K. Ramchandran},
  title = 	 {Distributed source coding
using syndromes {(DISCUS)}: Design and construction},
  journal = 	 T-IT,
  year = 	 2003,
  volume =	 49,
  number =	 3,
  pages =	 {626--643},
  month =	 mar
}




@InProceedings{liveris03:_distr,
  author = 	 {A. D. Liveris and Z. Xiong and C. N. Georghiades},
  title = 	 {Distributed
compression of binary sources using conventional parallel and serial
concatenated convolutional codes},
  booktitle =	 P-DCC,
  pages =	 {193--202},
  year =	 2003,
  editor =	 {J. A. Storer and M. Cohn},
  address =	 {Snowbird, UT},
  month =	 mar
}

@InProceedings{aaron02,
  author = 	 {A. Aaron and B. Girod},
  title = 	 {Compression with side information using turbo codes},
  booktitle =	 P-DCC,
  pages =	 {252--261},
  year =	 2002,
  editor =	 {J. A. Storer and M. Cohn},
  address =	 {Snowbird, UT},
  month =	 apr
}



@Article{pradhan03:_dualit,
  author = 	 {S. Pradhan and J. Chou and K. Ramchandran},
  title = 	 {Duality between
source coding and channel coding and its extension to the side
information case},
  journal = 	 T-IT,
  year = 	 2003,
  volume =	 49,
  pages =	 {1181--1203},
  month =	 may
}

@Misc{primo,
  title =	 {{Reconfigurable Platforms for Wideband Wireless Communications}},
  howpublished = {http://primo.ismb.it}
}

@Article{Vaidyanathan:ASSP-35-476,
  author =       "P.P. Vaidyanathan",
  title =        "Theory and Design of {$M$}-Channel Maximally
                 Decimated Quadrature Mirror Filters with Arbitrary
                 {$M$}, Having the Perfect-reconstruction property",
  journal =      T-ASSP,
  volume =       "35",
  number =       "4",
  month =        apr,
  year =         "1987",
  pages =        "476--492",
}



@Article{Vaidyanathan89improved,
author = "P. P. Vaidyanathan and Truong Q. Nguyen and Zinnur Doganata and Tapio Saramaki",
title = "Improved technique for design of perfect reconstruction {FIR QMF} banks with lossless polyphase matrices",
journal = T-ASSP,
year = "1989",
pages = "1042--1056" 
}

@InProceedings{biswas06,
  author = 	 {Arijit Biswas and Albertus C. den Brinken},
  title = 	 {Quantization of Transmission Parameters in Stereo Linear Predictive Systems},
  booktitle =	 P-DCC,
  pages =	 {262--271},
  year =	 2006,
  address =	 {Snowbird, UT},
  month =	 {mar}
}

@misc{ mulders00triangular,
  author = "T. Mulders and A. Storjohann",
  title = "Triangular Factorization of Polynomial Matrices",
  text = "Thom Mulders and Arne Storjohann. Triangular Factorization of Polynomial
    Matrices. Poster abstract for ISSAC'00, 2000.",
  year = "2000",
  url = "citeseer.ist.psu.edu/mulders00triangular.html" }

@inproceedings{ micciancio01linear,
    author = "Daniele Micciancio and Bogdan Warinschi",
    title = "A Linear Space Algorithm for Computing the Hermite Normal Form",
    booktitle = "ISSAC",
    year = "2001",
    url = "citeseer.ist.psu.edu/article/micciancio01linear.html" }

@misc{ beckermann01normal,
  author = "B. Beckermann and G. Labahn and G. Villard",
  title = "Normal Forms of General Polynomial Matrices",
  text = "B. Beckermann, G. Labahn & G. Villard, Normal Forms of General Polynomial
    Matrices, Manuscript (2001).",
  year = "2001",
  url = "citeseer.ifi.unizh.ch/beckermann01normal.html" }

@Book{kailath80:_linear_system,
  author =	 {T. Kailath},
  title = 	 {Linear Systems},
  publisher = 	 {Prentice Hall},
  year = 	 1980
}


@Article{hermite51,
  author = 	 {C. Hermite},
  title = 	 {Sur l'introduction des variables continues dans la {th\'eorie} des nombres},
  journal = 	 {J. Reine Angew. Math.},
  year = 	 1851,
  pages =	 {191--216},
  number = 41
}

@InProceedings{nguyen02:_distr,
  author = 	 {T. Nguyen and A. Zakhor},
  title = 	 {Distributed video streaming with forward error  correction},
  booktitle =	 {Proceedings of Packet Video Wksp. 2002},
  year =	 2002
}


@ARTICLE{MohrRL:00a,
        author=		{Alexander E. Mohr and Eve A. Riskin and
			 Richard E. Ladner},
	title=		{Unequal Loss Protection: Graceful Degradation of
			 Image Quality over Packet Erasure Channels through
			 Forward Error Correction},
        JOURNAL =       {IEEE Journal on Selected Areas in Communication},
        Volume =        {18},
        Number =        {6},
        PAGES =         {819--829},
        Month =         {June},
        YEAR =          {2000},
        Note =          {},
        summary =       {}
}

@Book{mengali97,
  author =	 {Umberto Mengali and Aldo N. D'Andrea},
  title = 	 {Synchronization Techniques for Digital Receivers},
  publisher = 	 {Plenum Press},
  year = 	 1997
}

@InProceedings{LTW,
  author = 	 {J. Oliver and M.P. Malumbres},
  title = 	 {Low-Complexity multiresolution image
 compression using wavelet lower trees},
  booktitle =	 {Proc. DCC 2003},
  pages =	 {133--142},
  year =	 2003,
  address =	 {Snowbird, UT},
  month =	 mar
}

@InProceedings{Aaron_pixel,
  author = 	 {A. Aaron and R. Zhang and B. Girod},
  title = 	 {Wyner-Ziv coding of motion video},
  booktitle =	 {Proc. Asilomar Conference on Signals and Systems},
  year =	 2002,
  address =	 {Pacific Grove, California},
  month =	 nov
}

@InProceedings{Aaron_dct,
  author = 	 {A. Aaron and S. Rane and E. Setton and and B. Girod},
  title = 	 {Transform-domain Wyner-Ziv codec for video},
  booktitle =	 {Visual Communications and Image Processing},
  year =	 2004,
  address =	 {San Jose, CA},
  month =	 jan
}

@InProceedings{st,
  author = 	 {D. Alfonso and D. Bagni and D. Moglia},
  title = 	 {Bi-directionally motion-compensated frame-rate 
up-conversion for {H.264/AVC} decoder},
  booktitle =	 {ELMAR Symposium},
  year =	 2005,
  address =	 {Zadar, Croatia},
  month =	 jun
}


@Article{casazza02existence,
  author = "P. Casazza and M. Leon",
  title = "Existence and construction of finite tight frames",
  journal = 	 {Journal of Computational and Applied Math.},
  year = 	 2006,
  volume =	 4,
  number =	 3,
  pages =	 {277--289}
}


@InBook{CasazzaFKLT:04,
  author =  {P. G. Casazza and M. Fickus and J. Kova\v{c}evi\'{c} and M. Leon and J. Tremain},
  title =    {Harmonic Analysis and Applications},
  chapter =        {A Physical Interpretation of Tight Frames},
  publisher =      {Birkh\"auser},
  year =     {2005},
  address = {Boston, MA}
}

@Book{minkowski96,
  author =	 {H. Minkowski},
  title = 	 {Geometrie der Zahlen},
  publisher = 	 {Teubner},
  year = 	 1896,
  address =	 {Berlin},
  note =	 {Reprinted: Johnson, New York, 1968}
}

@Book{rappaport02,
  author =	 {T. S. Rappaport},
  title = 	 {Wireless Communications: Principles and Practice},
  publisher = 	 {Prentice Hall},
  year = 	 2002
}

@Book{Gallager,
  author =	 {Gallager, G. Robert},
  title = 	 {Information Theory and Reliable Communication},
  publisher = 	 wiley,
  year = 	 1968
}


@Book{gray88:prob,
  author =	 {Robert Gray},
  title = 	 {Probability,Random Processes, and Ergodic Properties},
  publisher = 	 {Springer-Verlag},
  year = 	 1988
}



@Article{slepianwolf,
  author = 	 {D. Slepian and J. K. Wolf},
  title = 	 {Noiseless coding of correlated information source},
  journal = {IEEE Trans. on Information Theory},
  year = 	 1973,
  volume =	 "IT-19",
  number =	4,
  pages =	 {471--480}
}

@InProceedings{prismICASSP,
 author = 	 {R. Puri and  K. Ramchandran},
  title = 	 {PRISM: An Uplink-Friendly Multimedia Coding Paradigm},
  booktitle = {Proc. IEEE Int. Conf. Acoustics, Speech, and Signal Processing},
  pages =	 {856--859},
  year = 	 2003,
  month =	 apr,
  organization = {IEEE}
}


@Article{prism,
  author = 	 {R. Puri and A. Majumbar and P. Ishwar and K. Ramchandran},
  title = 	 {Distributed video coding in wireless sensor networks},
  journal = {Signal Processing Magazine, IEEE},
  year = 	 2006,
  volume =	 23,
  number =	4,
  pages =	 {94--106},
  month =	 jul
}


@article{schuller97modulated,
  author = "G. Schuller and T. Karp",
  title = {Modulated filter banks with arbitrary system delay: 
    Efficient implementations and the time-varying case}, 
  journal = t-sp,
  year = 2000,
  month=mar,
  pages={737--748},
  url = "citeseer.ist.psu.edu/schuller00modulated.html" 
}

@Article{edler89,
  author = 	 {B. Edler},
  title = 	 {Coding of Audio Signals with Overlapping Transform and Adaptive Window Shape},
  journal = 	 {Frequenz},
  year = 	 1989,
  volume =	 43,
  number =	 9,
  pages =	 {252--256},
  month =	 sep
}

@Article{HerleyV94,
   affiliation = {EPFL},
   author      = {Herley, Cormac and Vetterli, Martin},
   details     = {http://infoscience.epfl.ch/search.py?recid=33887},
   documenturl = {http://infoscience.epfl.ch/getfile.py?mode=best&recid=33887},
   doi         = {10.1109/78.324731},
   journal     = {{IEEE} {T}ransactions on {S}ignal {P}rocessing},
   number      = {10},
   pages       = {2650--2663},
   status      = {PUBLISHED},
   title       = {Orthogonal time-varying filter banks and wavelet packets},
   unit        = {LCAV},
   volume      = {42},
   year        = 1994
}

@Article{youla61,
  author = 	 {D. Youla},
  title = 	 {On the Factorization of Rational Matrices},
  journal = 	 {IRE Transactions on Information Theory},
  year = 	 1961,
  pages =	 {172--189},
  month =	 jul
}

@Book{golan91:_modul_struc_rings,
  author =	 {Jonathan S. Golan and Tom Head},
  title = 	 {Modules and the Structure of Rings},
  publisher = 	 {Marcel Dekker},
  year = 	 1991,
  address =	 {New York}
}


@Article{xiao01:_prolat,
  author = 	 {H. Xiao and V. Rokhlin and N. Yarvin},
  title = 	 {Prolate spheroidal wavefunctions, quadrature and interpolation},
  journal = 	 {Inverse Problems},
  year = 	 2001,
  volume =	 17,
  pages =	 {805-838}
}

@Book{persico78:_atomic,
  author =	 {Enrico Persico},
  title = 	 {Fondamenti della Meccanica Atomica},
  publisher = 	 {Zanichelli},
  year = 	 1978
}

@Book{kolmogorov57:_elemen_it,
  author       = "A. N. Kolmogorov and S. V. Fomin",
  title        = "Elementi di teoria delle funzioni e di analisi funzionale",
  publisher    = "Edizioni Mir",
  year         = "1980",
  address      = "Mosca",
}

@Book{schneier96:_app_cry,
  author =         {Bruce Schneier},
  title =          {Applied Cryptography, Protocols, Algorithms, and Source Code in C},
  publisher =          {John Wiley and Sons},
  year =          1996,
  address =         {New York}
}

@Article{christopoulos00:_jpeg2,
  author = 	 {C. Christopoulos and A. Skodras and T. Ebrahimi},
  title = 	 {The JPEG2000 still image coding system: An Overview},
  journal = 	 {IEEE Trans. Consumer Elec.},
  year = 	 2000,
  volume =	 46,
  number =	 4,
  pages =	 {1103--1127},
  month =	 nov
}

@Misc{mpeg4,
  title =	 {ISO/IEC JTC1/SC29/WG11 N4668, Overview of the MPEG-4 Standard},
  month =	 mar,
  year =	 2002
}

@Misc{mpeg21,
  title =	 {ISO/IEC JTC1/SC29/WG11, MPEG-21 Use Case Scenarios Document},
  howpublished = {document N4991},
  month =	 jul,
  year =	 2002
}

@book{proakis/manolakis,
 author = {John G. Proakis and Dimitris G. Manolakis},
 title = {Digital signal processing (2nd ed.): principles, algorithms, and applications},
 year = {1992},
 isbn = {0-02-396815-X},
 publisher = {Macmillan Publishing Co., Inc.},
 address = {Indianapolis, IN, USA},
 }

@Article{gabor46:_theor,
  author = 	 {D. Gabor},
  title = 	 {Theory of communication},
  journal = 	 {Journal IEE},
  year = 	 1946,
  pages =	 {429--457}
}


@Article{shynk92,
  author = 	 {John J. Shynk},
  title = 	 {Frequency-Domain and Multirate Adaptive Filtering},
  journal = 	 SPmag,
  year = 	 1992,
  pages =	 {14--37},
  month =	 jan
}


@Article{vershynin05:_frame,
  author = 	 {Roman Vershynin},
  title = 	 {Frame expansions with erasures: an approach through the non-commutative operator theory},
  journal = 	 harmonic-analysis,
  year = 	 2005,
  pages =	 {167--176}
}


@article{tight-frame-symmetries,
author = {Vale and Richard and Waldron and Shayne},
citeulike-article-id = 643178,
doi = {10.1007/s00365-004-0560-y},
issn = {0176-4276},
journal = {Constructive Approximation},
month = {November},
number = 1,
pages = {83--112},
publisher = {Springer},
title = {Tight Frames and Their Symmetries},
url = {http://dx.doi.org/10.1007/s00365-004-0560-y},
volume = 21,
year = 2004
}

@article{corless93lamberts,
    author = "Robert M. Corless and Gaston H. Gonnet and D. E. G. Hare and David J. Jeffrey",
    title = "{Lambert}'s {$W$} Function in {Maple}",
    journal = "Maple Technical Newsletter",
    month = "Spring",
    pages = "12--22",
    year = "1993",
    url = "citeseer.ist.psu.edu/article/corless93lamberts.html" }

@Article{huang07:_capac_mediag,
  author = 	 {Yennun Huang and  Yih-Farn Chen and  Rittwik Jana and  Michael Rabinovich and  Amy Reibman and  Bin Wei and  Zhen Xiao},
  title = 	 {Capacity analysis of MediaGrid: a {P2P IPTV} platform for fiber to the node {(FTTN)} networks},
  journal = 	 ieee-jsac,
  year = 	 2007,
  volume =	 25,
  number =	 1,
  pages =	 {131--139},
  month =	 jan
}


@TechReport{deshpande01:_live_media_p2p,
  author = 	 {H. Deshpande and M. Bawa and H. Garcia-Molina},
  title = 	 {Streaming Live Media over a Peer-to-Peer Network},
  institution =  {Stanford database},
  year = 	 2001,
  month =	 aug
}

@Article{Octoshape,
  author = 	 {Stephen Alstrup and Theis Rauhe},
  title = 	 {Introducing {Octoshape} -- a new technology for large-scale streaming over the Internet},
  journal = 	 ebu,
  year = 	 2005,
  number = 303,
  month =	 jul
}

@Article{Webcasting,
  author = 	 {F. Kozamernik},
  title = 	 {Webcasting -- the webcasters' perspective},
  journal = 	 ebu,
  year = 	 2000,
  number =	 282,
  month =	 mar
}

@Article{fodor07,
  author = 	 {Viktoria Fodor and Gy\"orgy D\'an},
  title = 	 {Resilience in Live Peer-to-Peer Streaming},
  journal = 	 COMmag,
  year = 	 2007,
  volume =	 45,
  number =	 6,
  pages =	 {116--123},
  month =	 jun
}

@InProceedings{padmanabhan02:_distr,
  author = 	 {Venkata Padmanabhan and Helen Wang and Philip Chou and Kunwadee Sripanidkulchai},
  title = 	 {Distributing streaming media content using cooperative networking},
  booktitle =	 {Proc. of NOSSDAV 2002},
  year =	 2002,
  address =	 {Miami, Florida, USA},
  month =	 may
}

@book{Kleinrock-queue,
 author = {Leonard Kleinrock},
 title = {Theory, Volume 1, Queueing Systems},
 year = {1975},
 isbn = {0471491101},
 publisher = {Wiley-Interscience},
 }

@Book{stegun65,
  author = 	 {M. Abramowitz and I.A. Stegun},
  title = 	 {Handbook of Mathematical Functions},
  publisher = 	 {National Bureau of Standards},
  year = 	 1965}



@Article{yao85,
  author = 	 {David D. Yao},
  title = 	 {First-Passage-Time Moments of Markov Processes},
  journal = 	 {Journal of Applied Probability},
  year = 	 1985,
  volume = 	 22,
  number = 	 4,
  pages = 	 {939--945},
  month = 	 dec}

@Article{paar99:_fast_GF,
  author = 	 {C. Paar and P. Fleischmann and P. Soria-Rodriguez},
  title = 	 {Fast Arithmetic for Public-Key Algorithms in Galois Fields with Composite Exponents},
  journal = 	 T-COMPUTERS,
  year = 	 1999,
  volume =	 48,
  number =	 10,
  pages =	 {1025--1034},
  month =	 oct,
  annote =	 {http://www.crypto.rub.de/publications.html}
}

@Article{tropp07,
  author = 	 {Joel A. Tropp},
  title = 	 {On the conditioning of random subdictionaries},
  journal = 	 {harmonic-analysis},
  year = 	 2007,
  note =	 {doi: 10.1016/j.acha.2007.09.001}
}


@InProceedings{castro03:_split,
  author = "M. Castro and P. Druschel and A. Kermarrec and A. Nandi and A. Rowstron
    and A. Singh",
  title = "Splitstream: High-bandwidth multicast in cooperative environments",
  booktitle = {19th ACM Symposium on Operating Systems Principles, 2003},
  year = 	 2003,
  url = "citeseer.ist.psu.edu/article/castro03splitstream.html" 
}

@Article{lambert_knuth,
  author = 	 {Robert M. Corless and G. H. Gonnet and D.  Hare and D. J. Jeffrey and D. E. Knuth}, 
  title = 	 {On the Lambert W Function},
  journal = 	 {Advances in Computational Mathematics},
  year = 	 1996,
  volume =	 5,
  pages =	 {329--359}
}

@Article{liu08:p2p,
  author = 	 {Jiangchuan Liu and Sanjay Rao and Bo Li and Hui Zhang},
  title = 	 {Opportunities and Challenges of Peer-to-Peer Internet Video Broadcast},
  journal = 	 {P-IEEE},
  year = 	 2008,
  volume =	 96,
  number =	 1,
  pages =	 {11--24},
  month =	 jan
}

@Article{hei08:_iptv_p2p,
  author = 	 {Xiaojun Hei and Yong Liu and Keith Ross},
  title = 	 {{IPTV} over {P2P} streaming networks: the mesh-pull approach},
  journal = 	 COMmag,
  year = 	 2008,
  volume =	 46,
  number =	 2,
  pages =	 {86--92},
  month =	 feb
}

@InProceedings{bernardini08:dcc08,
  author = 	 {Riccardo Bernardini and Roberto Rinaldo and Andrea Vitali},
  title = 	 {A Reliable Chunkless Peer-to-peer architecture for multimedia streaming},
  booktitle =	 P-DCC,
  pages =	 {242--251},
  year =	 2008,
  address =	 {Snowbird, Utah},
  month =	 mar,
  organization = {Brandeis University}
}


@Misc{UDP_hole,
  key="UDPHP",
  howpublished = {http://en.wikipedia.org/wiki/UDP\_hole\_punching}
}

@misc{rfc4340,
  author="E. Kohler and M. Handley and S. Floyd",
  title="{Datagram Congestion Control Protocol (DCCP)}",
  series="Request for Comments",
  number="4340",
  howpublished="RFC 4340 (Proposed Standard)",
  publisher="IETF",
  organisation="Internet Engineering Task Force",
  year=2006,
  month=mar,
    url="http://www.ietf.org/rfc/rfc4340.txt",
}

@misc{rfc4341,
  author="S. Floyd and E. Kohler",
  title="{Profile for Datagram Congestion Control Protocol (DCCP) Congestion Control ID 2: TCP-like Congestion Control}",
  series="Request for Comments",
  number="4341",
  howpublished="RFC 4341 (Proposed Standard)",
  publisher="IETF",
  organisation="Internet Engineering Task Force",
  year=2006,
  month=mar,
    url="http://www.ietf.org/rfc/rfc4341.txt",
}

@misc{rfc4342,
  author="S. Floyd and E. Kohler and J. Padhye",
  title="{Profile for Datagram Congestion Control Protocol (DCCP) Congestion Control ID 3: TCP-Friendly Rate Control (TFRC)}",
  series="Request for Comments",
  number="4342",
  howpublished="RFC 4342 (Proposed Standard)",
  publisher="IETF",
  organisation="Internet Engineering Task Force",
  year=2006,
  month=mar,
    url="http://www.ietf.org/rfc/rfc4342.txt",
}

@misc{rfc5234,
  author="D. Crocker and P. Overell",
  title="{Augmented BNF for Syntax Specifications: ABNF}",
  series="Request for Comments",
  number="5234",
  howpublished="RFC 5234 (Standard)",
  publisher="IETF",
  organisation="Internet Engineering Task Force",
  year=2008,
  month=jan,
    url="http://www.ietf.org/rfc/rfc5234.txt",
}

@misc{rfc4506,
  author="M. Eisler",
  title="{XDR: External Data Representation Standard}",
  series="Request for Comments",
  number="4506",
  howpublished="RFC 4506 (Standard)",
  publisher="IETF",
  organisation="Internet Engineering Task Force",
  year=2006,
  month=may,
    url="http://www.ietf.org/rfc/rfc4506.txt",
}

@misc{rfc3448,
  key="rfc3448",
  author="M. Handley and S. Floyd and J. Padhye and J. Widmer",
  title="{TCP Friendly Rate Control (TFRC): Protocol Specification}",
  series="Request for Comments",
  number="3448",
  howpublished="RFC 3448 (Proposed Standard)",
  publisher="IETF",
  organisation="Internet Engineering Task Force",
  year=2003,
  month=jan,
    url="http://www.ietf.org/rfc/rfc3448.txt",
}
@techreport{rfc4648,
  author="S. Josefsson",
  title="{The Base16, Base32, and Base64 Data Encodings}",
  series="Request for Comments",
  number="4648",
  howpublished="RFC 4648 (Proposed Standard)",
  publisher="IETF",
  organisation="Internet Engineering Task Force",
  year=2006,
  month=oct,
    url="http://www.ietf.org/rfc/rfc4648.txt",
}

@misc{Relax-compact,
  key="RELAX",
  title="{RELAX NG} Compact Syntax",
  year=2002,
  month=nov,
  howpublished="http://www.relaxng.org/compact-20021121.html"
}

@TECHREPORT{rfc3550,
AUTHOR="Henning Schulzrinne and Stephen Casner and Ron Frederick and Van Jacobson",
TITLE="{RTP:} A Transport Protocol for {Real-Time} Applications",
TYPE="RFC",
INSTITUTION="Internet Engineering Task Force",
NUMBER=3550,
PAGES=104,
DAYS=15,
MONTH=jul,
YEAR=2003,
ABSTRACT="This memorandum describes RTP, the real-time transport protocol.  RTP
provides end-to-end network transport functions suitable for
applications transmitting real-time data, such as audio, video or
simulation data, over multicast or unicast network services.  RTP
does not address resource reservation and does not guarantee
quality-of-service for real-time services.  The data transport is
augmented by a control protocol (RTCP) to allow monitoring of the
data delivery in a manner scalable to large multicast networks, and
to provide minimal control and identification functionality.  RTP and
RTCP are designed to be independent of the underlying transport and
network layers.  The protocol supports the use of RTP-level
translators and mixers.

Most of the text in this memorandum is identical to RFC 1889 which it
obsoletes.  There are no changes in the packet formats on the wire,
only changes to the rules and algorithms governing how the protocol
is used.  The biggest change is an enhancement to the scalable timer
algorithm for calculating when to send RTCP packets in order to
minimize transmission in excess of the intended rate when many
participants join a session simultaneously.

This document is a product of the Audio/Video Tranposrt Working Group
of the IETF.",
URL="http://www.rfc-editor.org/rfc/rfc3550.txt"
}

@TECHREPORT{rfc3551,
AUTHOR="Henning Schulzrinne and Stephen Casner",
TITLE="{RTP} Profile for Audio and Video Conferences with Minimal Control",
TYPE="RFC",
INSTITUTION="Internet Engineering Task Force",
NUMBER=3551,
PAGES=44,
DAYS=15,
MONTH=jul,
YEAR=2003,
ABSTRACT={This document describes a profile called {"}RTP/AVP{"} for the use of the
real-time transport protocol (RTP), version 2, and the associated
control protocol, RTCP, within audio and video multiparticipant
conferences with minimal control.  It provides interpretations of
generic fields within the RTP specification suitable for audio and
video conferences.  In particular, this document defines a set of
default mappings from payload type numbers to encodings.

This document also describes how audio and video data may be carried
within RTP.  It defines a set of standard encodings and their names
when used within RTP.  The descriptions provide pointers to reference
implementations and the detailed standards.  This document is meant
as an aid for implementors of audio, video and other real-time
multimedia applications.

This memorandum obsoletes RFC 1890.  It is mostly backwards-compatible
except for functions removed because two interoperable implementations
were not found.  The additions to RFC 1890 codify existing practice in
the use of payload formats under this profile and include new payload
formats defined since RFC 1890 was published.

This document is a product of the Audio/Video Transport Working Group
of the IETF.},
URL="http://www.rfc-editor.org/rfc/rfc3551.txt"
}

@TECHREPORT{rfc2326,
AUTHOR="Schulzrinne, H. and Lanphier, R. and Rao, A.",
TITLE="Real Time Streaming Protocol {(RTSP)}",
TYPE="RFC",
INSTITUTION="Internet Engineering Task Force",
NUMBER=2326,
PAGES=92,
DAY=4,
MONTH=apr,
YEAR=1998,
ABSTRACT="The Real Time Streaming Protocol, or RTSP, is an
application-level protocol for control over the delivery of data with
real-time properties. RTSP provides an extensible framework to enable
controlled, on-demand delivery of real-time data, such as audio and
video. Sources of data can include both live data feeds and stored
clips. This protocol is intended to control multiple data delivery
sessions, provide a means for choosing delivery channels such as UDP,
multicast UDP and TCP, and provide a means for choosing delivery
mechanisms based upon RTP (RFC 1889).",
URL="ftp://ftp.isi.edu/in-notes/rfc2326.txt",
}

@techreport{rfc2616,
    title="{RFC 2616: Hypertext Transfer Protocol -- HTTP/1.1}",
    author="Fielding, R. and  Gettys, J. and Mogul, J. and Frysyk, H. and Masinter, L. and Leach, P. and Berners-Lee, T.",
    institution="IETF",
    url="http://ietf.org/rfc/rfc2616.txt",
    month=jun,
    year=1999
    }    

@Article{blum-blum-shub,
  author = 	 {Lenore Blum and  Manuel Blum  and Michael Shub},
  title = 	 {A Simple Unpredictable Pseudo-Random Number Generator},
  journal = 	 {SIAM Journal on Computing},
  year = 	 1986,
  volume =	 15,
  pages =	 {364-383},
  month =	 may
}

@misc{rfc4336,
	author = {Floyd, S.  and Handley, M.  and Kohler, E. },
	citeulike-article-id = {1367220},
	howpublished = {ftp://ftp.rfc-editor.org/in-notes/rfc4336.txt},
	keywords = {dccp},
	month = {March},
	posted-at = {2007-06-06 03:42:47},
	priority = {0},
	title = {Problem Statement for the {Datagram Congestion Control Protocol (DCCP)}},
	url = {ftp://ftp.rfc-editor.org/in-notes/rfc4336.txt},
	year = {2006}}

@Misc{HMAC,
  key = "HMAC",
  title =	 {{FIPS PUB 198, The Keyed-Hash Message Authentication Code (HMAC)}},
  howpublished = {National Institute of Standards and Technology},
  month =	 mar,
  year =	 2002,
  annote =	 {http://csrc.nist.gov/publications/fips/fips198/fips-198a.pdf}
}

@Misc{SHA1,
  key = "SHA1",
  title =	 {{FIPS PUB 180-2, Secure Hash Standard (SHS)}},
  howpublished = {National Institute of Standards and Technology},
  month =	 aug,
  year =	 2002,
  annote =	 {http://csrc.nist.gov/publications/fips/fips180-2/fips180-2.pdf}
}

@misc{rfc4566,
	author = {Handley, M.  and Jacobson, V. and Perkins, C.},
	howpublished = {http://www.ietf.org/rfc/rfc4566.txt},
	keywords = {sdp},
	month = jul,
	title = {{SDP: Session Description Protocol}},
	url = {http://www.ietf.org/rfc/rfc4566.txt},
	year = {2006}}

@misc{rfc2631,
	author = {Rescorla, E},
	howpublished = {http://www.ietf.org/rfc/rfc2631.txt},
	keywords = {diffie-hellman, key exchange},
	month = jun,
	title = {{Diffie-Hellman Key Agreement Method}},
	url = {http://www.ietf.org/rfc/rfc2631.txt},
	year = 1999}




@Manual{ppetp,
  title = 	 {{Peer-to-Peer Epi-Transport Protocol}},
  author =	 {Bernardini, R. and Cesco Fabbro, R. and Rinaldo, R.},
  institution =  {University of Udine},
  month =	 jul,
  year =	 2010,
  note =	 {Work in progress. Available 
at http://tools.ietf.org/html/draft-bernardini-ppetp}  
}





@Article{dhungel09:_pollut_p2p,
  author = 	 {Prithula Dhungel and Xiaoujun Hei and Keith W. Ross and Nitesh Saxena},
  title = 	 {Pollution in {P2P} Live Video Streaming},
  journal = 	 IJCNC,
  year = 	 2009,
  volume =	 1,
  number =	 2,
  pages =	 {99-110},
  month =	 jul
}

@misc{ice,
  author="J. Rosenberg",
  title="{Interactive Connectivity Establishment (ICE): A Protocol for Network Address Translator (NAT) Traversal for Offer/Answer Protocols}",
  series="Request for Comments",
  number="5245",
  howpublished="RFC 5245 (Proposed Standard)",
  publisher="IETF",
  organization="Internet Engineering Task Force",
  year=2010,
  month=apr,
    url="http://www.ietf.org/rfc/rfc5245.txt",
}
